,timestamp,bids,asks
0,2021-11-19 10:12:33.328,"[[56688.5, 70300.0], [56685.5, 3600.0], [56684.0, 410.0], [56680.0, 7390.0], [56679.5, 70310.0], [56676.0, 24100.0], [56674.5, 41000.0], [56672.0, 3000.0], [56670.5, 2870.0], [56670.0, 800.0]]","[[56689.0, 2500.0], [56698.0, 10000.0], [56698.5, 61300.0], [56700.0, 10.0], [56700.5, 2000.0], [56701.5, 3000.0], [56705.0, 46380.0], [56707.0, 5510.0], [56709.0, 30100.0], [56710.0, 510.0]]"
1,2021-11-19 10:12:33.641,"[[56693.0, 17900.0], [56685.5, 40950.0], [56685.0, 7640.0], [56684.0, 410.0], [56679.5, 1260.0], [56676.0, 19840.0], [56675.0, 19840.0], [56674.5, 41000.0], [56672.0, 13000.0], [56671.5, 19840.0]]","[[56693.5, 2000.0], [56694.0, 20.0], [56697.0, 46360.0], [56698.5, 1030.0], [56700.0, 10.0], [56701.5, 3000.0], [56707.0, 5510.0], [56708.0, 15840.0], [56708.5, 7390.0], [56709.0, 10100.0]]"
2,2021-11-19 10:12:33.971,"[[56701.0, 6500.0], [56685.5, 3600.0], [56685.0, 7640.0], [56684.0, 410.0], [56679.5, 1260.0], [56677.0, 800.0], [56676.5, 740.0], [56676.0, 19840.0], [56675.0, 27230.0], [56674.5, 46000.0]]","[[56701.5, 53460.0], [56707.0, 510.0], [56708.0, 17860.0], [56708.5, 66360.0], [56709.0, 10100.0], [56710.0, 510.0], [56711.5, 15610.0], [56712.0, 600.0], [56714.0, 16360.0], [56716.0, 10160.0]]"
3,2021-11-19 10:12:34.300,"[[56688.5, 2000.0], [56685.5, 3600.0], [56684.0, 410.0], [56679.5, 1260.0], [56676.0, 19840.0], [56675.0, 21650.0], [56672.0, 3000.0], [56671.5, 19840.0], [56670.5, 2870.0], [56667.5, 5580.0]]","[[56689.0, 57770.0], [56689.5, 2500.0], [56696.0, 20.0], [56699.0, 46360.0], [56699.5, 22000.0], [56700.5, 70300.0], [56701.5, 56640.0], [56706.0, 200.0], [56706.5, 7950.0], [56707.0, 510.0]]"
4,2021-11-19 10:12:34.631,"[[56685.5, 100700.0], [56684.0, 410.0], [56679.5, 1260.0], [56672.0, 10000.0], [56669.5, 3600.0], [56666.5, 19830.0], [56665.5, 22040.0], [56664.0, 23820.0], [56662.5, 15690.0], [56662.0, 19830.0]]","[[56686.0, 29050.0], [56692.5, 46380.0], [56693.0, 20000.0], [56694.0, 2000.0], [56697.0, 100.0], [56704.0, 3600.0], [56706.0, 15620.0], [56706.5, 10560.0], [56707.0, 510.0], [56707.5, 5000.0]]"
5,2021-11-19 10:12:34.961,"[[56685.5, 2600.0], [56684.0, 410.0], [56679.5, 1260.0], [56677.0, 3600.0], [56672.5, 2000.0], [56671.0, 20740.0], [56666.5, 19830.0], [56665.5, 20230.0], [56664.5, 16030.0], [56664.0, 3820.0]]","[[56686.0, 22860.0], [56691.0, 2000.0], [56692.5, 46360.0], [56694.5, 20.0], [56697.0, 20000.0], [56706.0, 15620.0], [56706.5, 560.0], [56707.0, 510.0], [56707.5, 5000.0], [56708.0, 15840.0]]"
6,2021-11-19 10:12:35.289,"[[56684.0, 410.0], [56679.5, 1260.0], [56669.5, 3600.0], [56665.5, 400.0], [56664.0, 3820.0], [56662.5, 15690.0], [56660.5, 20000.0], [56659.5, 10.0], [56657.5, 3340.0], [56655.0, 3000.0]]","[[56684.5, 60290.0], [56687.0, 2000.0], [56689.5, 20.0], [56692.0, 20000.0], [56692.5, 46360.0], [56694.0, 90.0], [56702.5, 150.0], [56704.5, 3600.0], [56705.0, 2500.0], [56706.0, 15720.0]]"
7,2021-11-19 10:12:35.623,"[[56684.0, 410.0], [56683.5, 1000.0], [56679.5, 1260.0], [56676.5, 3000.0], [56669.5, 3600.0], [56669.0, 5000.0], [56665.5, 400.0], [56665.0, 10000.0], [56664.0, 3820.0], [56662.5, 15690.0]]","[[56684.5, 60310.0], [56687.0, 2000.0], [56689.5, 20.0], [56692.0, 20000.0], [56692.5, 46360.0], [56693.0, 1000.0], [56694.0, 90.0], [56695.5, 150.0], [56698.5, 3000.0], [56704.0, 5000.0]]"
8,2021-11-19 10:12:35.953,"[[56684.0, 37760.0], [56683.5, 1000.0], [56681.0, 3000.0], [56679.5, 1260.0], [56671.5, 20000.0], [56671.0, 740.0], [56669.5, 3600.0], [56665.5, 550.0], [56664.0, 5820.0], [56663.0, 19830.0]]","[[56684.5, 40.0], [56692.5, 46360.0], [56695.5, 20.0], [56697.0, 20000.0], [56701.5, 2000.0], [56704.5, 3600.0], [56705.5, 150.0], [56706.0, 15620.0], [56707.0, 510.0], [56707.5, 1810.0]]"
9,2021-11-19 10:12:36.268,"[[56684.0, 37760.0], [56683.5, 1000.0], [56681.0, 5000.0], [56679.5, 1260.0], [56677.0, 6600.0], [56672.0, 10000.0], [56671.0, 740.0], [56666.0, 7390.0], [56665.5, 40380.0], [56664.5, 19830.0]]","[[56684.5, 40.0], [56692.5, 46360.0], [56694.0, 20.0], [56696.5, 2000.0], [56697.0, 20000.0], [56705.5, 14170.0], [56707.0, 510.0], [56707.5, 540.0], [56708.0, 15840.0], [56709.0, 10010.0]]"
10,2021-11-19 10:12:36.609,"[[56684.0, 37760.0], [56683.5, 1000.0], [56681.0, 5000.0], [56679.5, 1260.0], [56677.0, 6600.0], [56672.0, 78670.0], [56671.0, 740.0], [56668.5, 20000.0], [56666.0, 600.0], [56665.5, 20230.0]]","[[56684.5, 40.0], [56692.5, 46360.0], [56694.0, 20.0], [56696.5, 2000.0], [56697.0, 20000.0], [56705.5, 14170.0], [56707.0, 510.0], [56707.5, 15920.0], [56708.0, 15840.0], [56709.0, 10010.0]]"
11,2021-11-19 10:12:36.937,"[[56684.0, 37760.0], [56683.5, 1000.0], [56682.5, 7000.0], [56681.0, 5000.0], [56679.5, 1260.0], [56677.0, 3600.0], [56676.0, 3000.0], [56672.0, 78670.0], [56671.0, 740.0], [56668.5, 20000.0]]","[[56684.5, 40.0], [56689.0, 2000.0], [56692.5, 46360.0], [56694.0, 20.0], [56697.0, 20000.0], [56702.0, 1000.0], [56705.5, 14170.0], [56707.0, 510.0], [56707.5, 15920.0], [56708.0, 15840.0]]"
12,2021-11-19 10:12:37.245,"[[56684.0, 28210.0], [56683.5, 1000.0], [56682.5, 7000.0], [56681.0, 5000.0], [56679.5, 1260.0], [56677.0, 3600.0], [56672.0, 78670.0], [56671.0, 740.0], [56668.5, 20000.0], [56667.0, 15000.0]]","[[56684.5, 40.0], [56689.0, 2000.0], [56692.5, 46360.0], [56694.0, 20.0], [56697.0, 20000.0], [56702.5, 1000.0], [56705.5, 14170.0], [56707.0, 510.0], [56707.5, 15920.0], [56708.0, 15840.0]]"
13,2021-11-19 10:12:37.606,"[[56684.0, 28210.0], [56683.5, 1000.0], [56682.5, 7000.0], [56681.0, 5000.0], [56679.5, 1260.0], [56677.0, 3600.0], [56672.0, 78670.0], [56671.0, 740.0], [56668.5, 20000.0], [56667.0, 15000.0]]","[[56684.5, 40.0], [56689.0, 2000.0], [56692.5, 46360.0], [56694.0, 20.0], [56697.0, 20000.0], [56702.5, 1000.0], [56705.5, 14170.0], [56707.0, 510.0], [56707.5, 15920.0], [56708.0, 15840.0]]"
14,2021-11-19 10:12:37.934,"[[56684.0, 410.0], [56683.5, 1000.0], [56682.5, 5000.0], [56681.0, 3000.0], [56679.5, 1260.0], [56667.0, 15000.0], [56665.5, 400.0], [56664.0, 3820.0], [56662.5, 15690.0], [56661.0, 3600.0]]","[[56684.5, 57380.0], [56686.0, 2000.0], [56691.0, 20.0], [56692.5, 46360.0], [56696.5, 100.0], [56698.5, 19320.0], [56699.0, 66360.0], [56700.0, 1000.0], [56704.5, 3600.0], [56707.0, 510.0]]"
15,2021-11-19 10:12:38.262,"[[56684.0, 410.0], [56682.5, 5000.0], [56681.0, 3000.0], [56679.5, 1260.0], [56667.0, 15000.0], [56665.5, 400.0], [56664.0, 3820.0], [56662.5, 15690.0], [56662.0, 2000.0], [56659.5, 10.0]]","[[56684.5, 57470.0], [56689.5, 3620.0], [56690.0, 2000.0], [56691.5, 14170.0], [56692.5, 56510.0], [56696.0, 16360.0], [56696.5, 100.0], [56699.0, 66360.0], [56700.0, 10160.0], [56701.5, 740.0]]"
16,2021-11-19 10:12:38.595,"[[56684.0, 410.0], [56681.5, 1000.0], [56679.5, 4260.0], [56671.0, 5000.0], [56665.5, 400.0], [56664.0, 3820.0], [56662.5, 15690.0], [56662.0, 21830.0], [56661.5, 3600.0], [56660.0, 15000.0]]","[[56684.5, 57470.0], [56689.5, 3620.0], [56690.0, 2000.0], [56692.5, 46510.0], [56693.5, 20000.0], [56695.5, 1600.0], [56697.0, 3000.0], [56699.5, 26720.0], [56700.0, 20160.0], [56702.5, 5000.0]]"
17,2021-11-19 10:12:38.925,"[[56684.0, 410.0], [56679.5, 1260.0], [56668.5, 3000.0], [56666.0, 2000.0], [56665.5, 400.0], [56664.0, 3820.0], [56662.5, 15690.0], [56661.5, 3600.0], [56659.5, 10.0], [56659.0, 5000.0]]","[[56684.5, 57470.0], [56686.5, 1000.0], [56687.5, 20000.0], [56689.5, 2020.0], [56692.5, 46360.0], [56693.0, 5000.0], [56695.5, 600.0], [56696.5, 53750.0], [56699.5, 26720.0], [56700.0, 26520.0]]"
18,2021-11-19 10:12:39.256,"[[56673.0, 3000.0], [56671.5, 7920.0], [56666.0, 5000.0], [56665.5, 400.0], [56664.5, 2000.0], [56664.0, 3820.0], [56662.5, 15690.0], [56657.0, 2000.0], [56655.0, 3000.0], [56654.0, 3600.0]]","[[56679.0, 138070.0], [56679.5, 70300.0], [56681.0, 300.0], [56681.5, 20.0], [56683.0, 20000.0], [56683.5, 2000.0], [56684.0, 70300.0], [56684.5, 670.0], [56686.0, 510.0], [56686.5, 1000.0]]"
19,2021-11-19 10:12:39.585,"[[56665.5, 8000.0], [56664.5, 12920.0], [56664.0, 950.0], [56654.0, 3600.0], [56651.0, 10000.0], [56650.0, 2000.0], [56648.5, 15000.0], [56648.0, 1270.0], [56647.5, 560.0], [56645.5, 7390.0]]","[[56666.0, 12500.0], [56666.5, 20.0], [56672.0, 70360.0], [56673.5, 3300.0], [56674.5, 20.0], [56675.5, 20000.0], [56678.0, 46360.0], [56679.0, 70400.0], [56680.0, 300.0], [56681.0, 300.0]]"
20,2021-11-19 10:12:39.913,"[[56665.5, 8000.0], [56664.5, 7920.0], [56664.0, 950.0], [56654.0, 3600.0], [56650.0, 2000.0], [56649.5, 740.0], [56648.5, 15000.0], [56648.0, 1270.0], [56647.5, 560.0], [56645.5, 7390.0]]","[[56666.0, 12560.0], [56666.5, 2000.0], [56672.0, 70300.0], [56672.5, 20000.0], [56673.0, 20.0], [56673.5, 3300.0], [56678.0, 46360.0], [56678.5, 1000.0], [56679.0, 70400.0], [56680.0, 300.0]]"
21,2021-11-19 10:12:40.246,"[[56665.5, 400.0], [56664.0, 950.0], [56662.0, 2000.0], [56657.5, 7920.0], [56653.0, 3000.0], [56649.5, 740.0], [56648.5, 15000.0], [56648.0, 1270.0], [56647.5, 23990.0], [56645.5, 7390.0]]","[[56666.0, 70330.0], [56666.5, 90.0], [56668.0, 2000.0], [56669.0, 10.0], [56671.0, 20.0], [56672.0, 70300.0], [56672.5, 20000.0], [56673.5, 3300.0], [56678.0, 46360.0], [56680.0, 300.0]]"
22,2021-11-19 10:12:40.575,"[[56665.5, 400.0], [56664.0, 950.0], [56657.5, 7920.0], [56648.0, 21100.0], [56647.5, 4160.0], [56645.5, 7390.0], [56645.0, 30410.0], [56644.0, 12870.0], [56643.0, 10000.0], [56639.5, 10.0]]","[[56666.0, 80240.0], [56666.5, 90.0], [56669.0, 10.0], [56671.0, 20.0], [56672.0, 70300.0], [56675.0, 2000.0], [56675.5, 3000.0], [56677.5, 16310.0], [56678.0, 46360.0], [56680.0, 300.0]]"
23,2021-11-19 10:12:40.905,"[[56665.5, 1400.0], [56664.0, 950.0], [56662.0, 3000.0], [56661.5, 5000.0], [56657.5, 7920.0], [56651.0, 3000.0], [56649.5, 740.0], [56648.0, 21100.0], [56647.5, 4160.0], [56647.0, 19830.0]]","[[56666.0, 55240.0], [56669.0, 10.0], [56671.0, 20020.0], [56677.5, 16310.0], [56678.0, 46360.0], [56679.5, 2000.0], [56681.0, 5300.0], [56681.5, 24170.0], [56682.0, 15560.0], [56682.5, 4600.0]]"
24,2021-11-19 10:12:41.240,"[[56665.5, 1400.0], [56664.0, 950.0], [56662.0, 3000.0], [56661.5, 5000.0], [56657.5, 7920.0], [56651.5, 2000.0], [56651.0, 13000.0], [56649.5, 740.0], [56648.0, 21100.0], [56647.5, 4160.0]]","[[56666.0, 29140.0], [56669.0, 10.0], [56673.0, 2000.0], [56674.5, 20.0], [56677.0, 20000.0], [56677.5, 16310.0], [56678.0, 46360.0], [56681.5, 10090.0], [56682.0, 15560.0], [56682.5, 4600.0]]"
25,2021-11-19 10:12:41.578,"[[56665.5, 1400.0], [56664.0, 950.0], [56662.0, 3000.0], [56661.5, 5000.0], [56657.5, 7920.0], [56651.5, 2000.0], [56651.0, 3000.0], [56649.5, 740.0], [56648.0, 1270.0], [56647.5, 4160.0]]","[[56666.0, 29140.0], [56669.0, 3420.0], [56670.0, 2000.0], [56674.5, 20.0], [56677.0, 20000.0], [56677.5, 16310.0], [56678.0, 46360.0], [56679.5, 1000.0], [56681.5, 10090.0], [56682.0, 15560.0]]"
26,2021-11-19 10:12:41.905,"[[56664.0, 950.0], [56662.0, 3000.0], [56657.5, 7920.0], [56651.0, 3000.0], [56648.0, 1270.0], [56647.5, 560.0], [56644.0, 17870.0], [56640.0, 3600.0], [56639.5, 10.0], [56637.0, 2500.0]]","[[56664.5, 117280.0], [56665.0, 70200.0], [56665.5, 2000.0], [56666.0, 80.0], [56669.0, 3410.0], [56669.5, 100.0], [56670.5, 46360.0], [56673.0, 20000.0], [56675.5, 3600.0], [56677.5, 16310.0]]"
27,2021-11-19 10:12:42.231,"[[56664.0, 950.0], [56657.5, 7920.0], [56648.0, 1270.0], [56647.5, 560.0], [56644.0, 2870.0], [56640.0, 3600.0], [56639.5, 10.0], [56637.0, 2500.0], [56636.0, 3000.0], [56635.5, 19820.0]]","[[56664.5, 60430.0], [56667.0, 20000.0], [56669.0, 2000.0], [56670.5, 46360.0], [56671.0, 20.0], [56672.5, 6410.0], [56675.5, 3750.0], [56678.0, 16360.0], [56681.5, 15000.0], [56682.0, 31930.0]]"
28,2021-11-19 10:12:42.568,"[[56664.0, 950.0], [56657.5, 7920.0], [56651.0, 2000.0], [56648.0, 1270.0], [56647.5, 560.0], [56644.0, 2870.0], [56642.5, 15000.0], [56640.5, 20000.0], [56640.0, 3600.0], [56639.5, 10.0]]","[[56664.5, 60340.0], [56669.0, 20000.0], [56670.5, 46360.0], [56671.0, 20.0], [56672.5, 3410.0], [56673.0, 2000.0], [56675.5, 3750.0], [56679.5, 3000.0], [56681.5, 15000.0], [56682.0, 46100.0]]"
29,2021-11-19 10:12:42.898,"[[56664.0, 1070.0], [56657.5, 7920.0], [56656.0, 1000.0], [56648.0, 1270.0], [56647.5, 560.0], [56644.0, 2870.0], [56643.0, 5000.0], [56640.0, 3600.0], [56639.5, 10.0], [56637.5, 2000.0]]","[[56664.5, 81340.0], [56665.5, 300.0], [56668.5, 5000.0], [56669.5, 20.0], [56670.5, 46460.0], [56672.5, 3410.0], [56674.0, 5000.0], [56675.5, 17910.0], [56677.5, 580.0], [56679.5, 16360.0]]"
30,2021-11-19 10:12:43.228,"[[56664.0, 1070.0], [56662.0, 1000.0], [56657.5, 7920.0], [56657.0, 3000.0], [56649.5, 5000.0], [56648.0, 1270.0], [56647.5, 560.0], [56644.0, 2870.0], [56640.0, 3600.0], [56639.5, 10.0]]","[[56664.5, 60340.0], [56668.0, 1000.0], [56669.0, 20000.0], [56669.5, 20.0], [56670.5, 46460.0], [56672.5, 3410.0], [56674.0, 2000.0], [56675.5, 3750.0], [56677.5, 580.0], [56681.0, 16350.0]]"
31,2021-11-19 10:12:43.542,"[[56664.0, 1070.0], [56657.5, 7920.0], [56649.5, 5000.0], [56648.0, 1270.0], [56647.5, 560.0], [56644.0, 2870.0], [56640.0, 18600.0], [56639.5, 10.0], [56637.0, 12500.0], [56636.0, 3000.0]]","[[56664.5, 60340.0], [56666.5, 20000.0], [56669.5, 20.0], [56670.5, 48360.0], [56672.5, 3410.0], [56675.5, 3750.0], [56676.5, 14160.0], [56677.5, 580.0], [56681.0, 16350.0], [56681.5, 10000.0]]"
32,2021-11-19 10:12:43.887,"[[56650.5, 7920.0], [56649.5, 5000.0], [56648.0, 1270.0], [56647.5, 560.0], [56644.0, 2870.0], [56640.0, 18600.0], [56637.0, 2500.0], [56636.0, 3000.0], [56635.5, 19820.0], [56634.5, 19820.0]]","[[56653.5, 2500.0], [56657.5, 10000.0], [56658.0, 17120.0], [56658.5, 10000.0], [56659.0, 29920.0], [56664.0, 70200.0], [56664.5, 2070.0], [56666.5, 20.0], [56669.0, 20000.0], [56670.5, 46450.0]]"
33,2021-11-19 10:12:44.219,"[[56660.0, 85200.0], [56653.0, 70200.0], [56650.5, 7920.0], [56648.0, 6270.0], [56647.5, 560.0], [56644.0, 2870.0], [56640.0, 3600.0], [56637.0, 22500.0], [56636.5, 15000.0], [56636.0, 3000.0]]","[[56660.5, 280.0], [56664.5, 5160.0], [56669.0, 20000.0], [56670.5, 2000.0], [56672.5, 1020.0], [56674.0, 46360.0], [56675.5, 3750.0], [56677.5, 580.0], [56681.0, 23740.0], [56681.5, 26930.0]]"
34,2021-11-19 10:12:44.544,"[[56660.0, 15060.0], [56658.5, 3000.0], [56654.5, 5000.0], [56653.0, 70200.0], [56650.5, 7920.0], [56648.0, 1270.0], [56647.5, 560.0], [56644.0, 12870.0], [56640.0, 3600.0], [56637.5, 7390.0]]","[[56660.5, 280.0], [56664.5, 5160.0], [56667.5, 2000.0], [56669.0, 20000.0], [56671.0, 20.0], [56674.0, 46360.0], [56675.5, 3750.0], [56677.5, 580.0], [56681.0, 23740.0], [56681.5, 26930.0]]"
35,2021-11-19 10:12:44.869,"[[56660.0, 15060.0], [56658.5, 3000.0], [56654.5, 5000.0], [56653.0, 70200.0], [56650.5, 7920.0], [56648.0, 1270.0], [56647.5, 560.0], [56644.0, 12870.0], [56640.0, 3600.0], [56637.5, 7390.0]]","[[56660.5, 280.0], [56664.5, 7160.0], [56669.0, 20000.0], [56671.0, 20.0], [56674.0, 46360.0], [56675.5, 3750.0], [56677.5, 580.0], [56681.0, 23740.0], [56681.5, 15570.0], [56682.0, 31930.0]]"
36,2021-11-19 10:12:45.208,"[[56660.0, 60710.0], [56658.5, 3000.0], [56654.5, 5000.0], [56650.5, 7920.0], [56648.0, 1270.0], [56647.5, 560.0], [56646.5, 15000.0], [56644.0, 12870.0], [56640.0, 23600.0], [56637.5, 7390.0]]","[[56660.5, 280.0], [56664.5, 5160.0], [56669.0, 20000.0], [56671.0, 20.0], [56674.0, 46360.0], [56675.5, 3750.0], [56677.5, 580.0], [56679.0, 2000.0], [56679.5, 1000.0], [56681.0, 23740.0]]"
37,2021-11-19 10:12:45.538,"[[56670.0, 93320.0], [56669.5, 20.0], [56668.5, 123580.0], [56664.5, 70160.0], [56664.0, 79650.0], [56660.5, 12800.0], [56660.0, 40.0], [56659.5, 2000.0], [56659.0, 90.0], [56657.5, 7920.0]]","[[56670.5, 20.0], [56674.0, 3390.0], [56679.5, 1000.0], [56681.0, 20.0], [56682.0, 15560.0], [56682.5, 46360.0], [56685.5, 10000.0], [56686.0, 14170.0], [56687.0, 5000.0], [56689.5, 3600.0]]"
38,2021-11-19 10:12:45.866,"[[56670.5, 5000.0], [56670.0, 133890.0], [56668.5, 12800.0], [56665.0, 10000.0], [56664.0, 9550.0], [56660.0, 780.0], [56659.5, 2000.0], [56659.0, 90.0], [56658.0, 20000.0], [56657.5, 7920.0]]","[[56682.0, 15560.0], [56682.5, 46360.0], [56683.0, 20.0], [56685.5, 10000.0], [56687.0, 5000.0], [56690.5, 20000.0], [56692.0, 5000.0], [56692.5, 7540.0], [56693.0, 43490.0], [56694.0, 14170.0]]"
39,2021-11-19 10:12:46.200,"[[56681.5, 108050.0], [56677.5, 2000.0], [56674.0, 18530.0], [56673.5, 11020.0], [56671.5, 20000.0], [56671.0, 2870.0], [56670.5, 24630.0], [56670.0, 79840.0], [56669.5, 740.0], [56665.5, 35480.0]]","[[56682.0, 3380.0], [56691.0, 3390.0], [56692.0, 15020.0], [56693.0, 46360.0], [56696.5, 44150.0], [56699.5, 2500.0], [56701.5, 14170.0], [56712.0, 200.0], [56712.5, 7550.0], [56713.5, 3590.0]]"
40,2021-11-19 10:12:46.532,"[[56690.5, 10730.0], [56683.5, 70100.0], [56683.0, 3740.0], [56681.5, 75100.0], [56679.5, 2000.0], [56674.0, 1980.0], [56672.0, 2000.0], [56671.5, 16690.0], [56671.0, 2870.0], [56670.5, 16940.0]]","[[56691.0, 34620.0], [56694.5, 5080.0], [56696.5, 44150.0], [56698.0, 5020.0], [56698.5, 20000.0], [56699.5, 2500.0], [56701.0, 510.0], [56702.0, 510.0], [56703.5, 46360.0], [56706.5, 10000.0]]"
41,2021-11-19 10:12:46.861,"[[56690.5, 16730.0], [56689.5, 3000.0], [56683.5, 70100.0], [56681.0, 5000.0], [56679.5, 2000.0], [56677.5, 15000.0], [56674.0, 1980.0], [56671.5, 24610.0], [56671.0, 2870.0], [56670.5, 7390.0]]","[[56691.0, 10030.0], [56697.5, 3180.0], [56698.0, 20.0], [56701.0, 510.0], [56701.5, 20000.0], [56702.0, 1510.0], [56703.5, 46360.0], [56706.5, 10000.0], [56708.0, 3000.0], [56710.0, 150.0]]"
42,2021-11-19 10:12:47.188,"[[56690.5, 11770.0], [56689.5, 3000.0], [56687.0, 5000.0], [56686.0, 10000.0], [56683.5, 70100.0], [56678.5, 7920.0], [56677.0, 15000.0], [56671.5, 16690.0], [56671.0, 2870.0], [56670.5, 7390.0]]","[[56691.0, 10030.0], [56697.5, 3180.0], [56698.0, 20.0], [56701.0, 510.0], [56701.5, 20000.0], [56702.0, 510.0], [56703.5, 46360.0], [56706.5, 10000.0], [56710.0, 150.0], [56711.5, 15390.0]]"
43,2021-11-19 10:12:47.521,"[[56690.5, 11770.0], [56689.5, 3000.0], [56687.0, 5000.0], [56683.5, 70100.0], [56678.5, 7920.0], [56677.0, 15000.0], [56671.5, 16690.0], [56671.0, 2870.0], [56670.5, 7390.0], [56669.5, 2110.0]]","[[56691.0, 10030.0], [56697.0, 20000.0], [56697.5, 3180.0], [56698.0, 20.0], [56701.0, 510.0], [56701.5, 1000.0], [56702.0, 510.0], [56703.5, 46360.0], [56705.5, 2000.0], [56706.5, 10000.0]]"
44,2021-11-19 10:12:47.852,"[[56690.5, 11770.0], [56689.5, 3000.0], [56687.0, 5000.0], [56679.5, 2000.0], [56678.5, 7920.0], [56677.0, 15000.0], [56672.0, 10000.0], [56671.5, 16690.0], [56671.0, 2870.0], [56670.5, 7390.0]]","[[56691.0, 27830.0], [56697.5, 3180.0], [56698.0, 1020.0], [56701.0, 510.0], [56702.0, 510.0], [56703.5, 46360.0], [56704.0, 3000.0], [56705.5, 2000.0], [56706.5, 10000.0], [56709.5, 90.0]]"
45,2021-11-19 10:12:48.179,"[[56690.5, 11770.0], [56689.5, 3000.0], [56687.0, 5000.0], [56679.5, 2000.0], [56678.5, 7920.0], [56677.0, 15000.0], [56671.5, 16690.0], [56671.0, 2870.0], [56670.5, 7390.0], [56669.5, 2110.0]]","[[56691.0, 27800.0], [56694.0, 20000.0], [56695.0, 2000.0], [56697.5, 3180.0], [56698.0, 20.0], [56700.0, 1000.0], [56701.0, 510.0], [56702.0, 510.0], [56703.0, 150.0], [56703.5, 46360.0]]"
46,2021-11-19 10:12:48.511,"[[56690.5, 11770.0], [56689.5, 3000.0], [56687.0, 5000.0], [56686.0, 10000.0], [56679.5, 2000.0], [56678.5, 7920.0], [56677.0, 15000.0], [56671.5, 16690.0], [56671.0, 2870.0], [56670.5, 7390.0]]","[[56691.0, 27800.0], [56691.5, 2000.0], [56694.0, 20000.0], [56697.5, 3180.0], [56698.0, 20.0], [56700.0, 1000.0], [56701.0, 510.0], [56702.0, 510.0], [56703.0, 150.0], [56703.5, 46360.0]]"
47,2021-11-19 10:12:48.834,"[[56690.5, 11770.0], [56684.5, 3000.0], [56679.5, 5000.0], [56678.5, 7920.0], [56671.5, 16690.0], [56671.0, 2870.0], [56670.5, 7390.0], [56669.5, 2110.0], [56668.5, 70180.0], [56667.0, 2000.0]]","[[56691.0, 37350.0], [56691.5, 2000.0], [56694.0, 20000.0], [56697.5, 3180.0], [56698.0, 20.0], [56698.5, 3000.0], [56701.0, 510.0], [56702.0, 510.0], [56703.0, 150.0], [56703.5, 46360.0]]"
48,2021-11-19 10:12:49.132,"[[56690.5, 7210.0], [56681.5, 3600.0], [56678.5, 7920.0], [56672.0, 10000.0], [56671.5, 16690.0], [56671.0, 2870.0], [56670.5, 7390.0], [56669.5, 2110.0], [56668.5, 67180.0], [56665.5, 19830.0]]","[[56691.0, 38350.0], [56694.0, 20000.0], [56695.5, 2000.0], [56697.5, 3180.0], [56698.0, 20.0], [56699.0, 5000.0], [56701.0, 510.0], [56702.0, 510.0], [56703.0, 150.0], [56703.5, 46360.0]]"
49,2021-11-19 10:12:49.502,"[[56666.0, 5000.0], [56665.5, 30.0], [56660.0, 5600.0], [56655.0, 15000.0], [56650.0, 3000.0], [56648.0, 1270.0], [56647.5, 560.0], [56647.0, 1810.0], [56641.5, 10.0], [56638.0, 45000.0]]","[[56666.5, 3770.0], [56669.0, 10000.0], [56669.5, 70620.0], [56670.0, 16250.0], [56670.5, 9440.0], [56671.0, 6540.0], [56671.5, 36690.0], [56672.0, 102650.0], [56672.5, 15360.0], [56674.0, 2020.0]]"
50,2021-11-19 10:12:49.802,"[[56660.0, 70900.0], [56655.5, 10020.0], [56655.0, 15000.0], [56650.0, 3000.0], [56648.0, 1270.0], [56647.5, 560.0], [56647.0, 4050.0], [56638.5, 3340.0], [56637.0, 500.0], [56636.0, 3000.0]]","[[56660.5, 12500.0], [56663.5, 5380.0], [56664.5, 70100.0], [56665.0, 6220.0], [56665.5, 12800.0], [56669.0, 150.0], [56669.5, 80170.0], [56670.0, 5000.0], [56670.5, 22270.0], [56671.0, 6540.0]]"
51,2021-11-19 10:12:50.161,"[[56660.0, 12120.0], [56648.0, 1270.0], [56647.5, 560.0], [56638.0, 8430.0], [56637.0, 500.0], [56636.0, 3000.0], [56631.5, 19820.0], [56631.0, 19820.0], [56630.0, 25000.0], [56629.0, 1270.0]]","[[56660.5, 29920.0], [56663.5, 5380.0], [56665.5, 22850.0], [56666.0, 3600.0], [56667.5, 20.0], [56668.5, 200.0], [56669.5, 13750.0], [56670.0, 5000.0], [56670.5, 32810.0], [56671.5, 9550.0]]"
52,2021-11-19 10:12:50.487,"[[56660.0, 110.0], [56648.0, 1270.0], [56647.5, 560.0], [56638.0, 7060.0], [56637.0, 500.0], [56632.0, 1530.0], [56631.5, 5860.0], [56630.5, 100.0], [56630.0, 28600.0], [56629.0, 1270.0]]","[[56660.5, 77870.0], [56663.5, 20.0], [56665.5, 90.0], [56667.5, 150.0], [56669.5, 54200.0], [56670.5, 3090.0], [56671.0, 46360.0], [56671.5, 510.0], [56672.0, 24120.0], [56673.5, 2500.0]]"
53,2021-11-19 10:12:50.792,"[[56648.0, 2270.0], [56647.5, 560.0], [56637.0, 500.0], [56630.5, 7390.0], [56630.0, 25000.0], [56629.0, 1270.0], [56628.0, 550.0], [56626.5, 2000.0], [56624.0, 60.0], [56623.0, 3600.0]]","[[56648.5, 115120.0], [56649.0, 10.0], [56654.5, 20020.0], [56660.0, 5000.0], [56660.5, 90.0], [56661.5, 1000.0], [56663.0, 50000.0], [56663.5, 2000.0], [56664.0, 3600.0], [56665.0, 10000.0]]"
54,2021-11-19 10:12:51.152,"[[56648.0, 2270.0], [56647.5, 560.0], [56647.0, 3000.0], [56643.0, 5000.0], [56637.0, 500.0], [56630.0, 25000.0], [56629.0, 1270.0], [56628.0, 550.0], [56626.5, 2000.0], [56624.0, 60.0]]","[[56648.5, 135490.0], [56651.0, 3600.0], [56652.5, 2000.0], [56653.0, 20.0], [56656.0, 150.0], [56657.0, 15000.0], [56660.0, 110.0], [56660.5, 90.0], [56661.5, 1000.0], [56662.5, 3000.0]]"
55,2021-11-19 10:12:51.475,"[[56648.0, 1270.0], [56647.5, 560.0], [56637.0, 500.0], [56635.5, 1000.0], [56632.5, 3000.0], [56630.0, 25000.0], [56629.0, 1270.0], [56628.0, 550.0], [56626.5, 2000.0], [56624.0, 60.0]]","[[56648.5, 75290.0], [56649.5, 2000.0], [56650.5, 1000.0], [56651.0, 3000.0], [56653.0, 5020.0], [56656.0, 150.0], [56657.0, 10000.0], [56658.0, 10000.0], [56660.0, 110.0], [56662.0, 16270.0]]"
56,2021-11-19 10:12:51.799,"[[56647.5, 10.0], [56637.0, 1500.0], [56634.5, 20.0], [56633.0, 50.0], [56632.5, 3000.0], [56630.5, 1810.0], [56630.0, 30000.0], [56629.0, 1270.0], [56628.0, 550.0], [56626.5, 2000.0]]","[[56648.0, 164890.0], [56648.5, 2500.0], [56649.0, 300.0], [56652.0, 150.0], [56652.5, 46360.0], [56655.0, 2000.0], [56656.5, 3600.0], [56657.0, 60300.0], [56657.5, 510.0], [56658.0, 15000.0]]"
57,2021-11-19 10:12:52.138,"[[56647.5, 2610.0], [56644.5, 70.0], [56638.0, 3020.0], [56637.0, 500.0], [56636.5, 510.0], [56630.5, 1810.0], [56630.0, 30000.0], [56629.0, 1270.0], [56628.0, 550.0], [56626.5, 2000.0]]","[[56648.0, 64770.0], [56649.0, 20000.0], [56652.5, 46360.0], [56655.0, 100.0], [56656.5, 3600.0], [56657.5, 510.0], [56660.0, 110.0], [56661.5, 10000.0], [56662.0, 16420.0], [56663.0, 50580.0]]"
58,2021-11-19 10:12:52.471,"[[56647.5, 60.0], [56638.0, 20.0], [56637.0, 500.0], [56636.5, 510.0], [56636.0, 1000.0], [56630.5, 5000.0], [56630.0, 25000.0], [56629.0, 1270.0], [56628.0, 550.0], [56626.5, 2000.0]]","[[56648.0, 74320.0], [56649.0, 20000.0], [56652.5, 46360.0], [56656.0, 50150.0], [56656.5, 3600.0], [56657.5, 510.0], [56660.0, 110.0], [56661.5, 10000.0], [56662.0, 19270.0], [56663.0, 580.0]]"
59,2021-11-19 10:12:52.802,"[[56647.5, 60.0], [56638.0, 20.0], [56637.0, 500.0], [56636.5, 510.0], [56630.0, 25000.0], [56629.0, 1270.0], [56628.0, 550.0], [56626.5, 2000.0], [56624.5, 5000.0], [56624.0, 60.0]]","[[56648.0, 122180.0], [56649.0, 22920.0], [56652.5, 46360.0], [56655.0, 2000.0], [56656.0, 50150.0], [56656.5, 3600.0], [56657.5, 510.0], [56660.0, 110.0], [56661.5, 10000.0], [56662.0, 16270.0]]"
60,2021-11-19 10:12:53.116,"[[56647.5, 60.0], [56637.0, 500.0], [56636.5, 510.0], [56634.0, 20.0], [56630.0, 25000.0], [56629.0, 1270.0], [56628.0, 550.0], [56626.5, 2000.0], [56624.5, 5000.0], [56624.0, 60.0]]","[[56648.0, 94380.0], [56649.0, 2920.0], [56651.0, 150.0], [56652.5, 46360.0], [56655.0, 2000.0], [56656.0, 50000.0], [56656.5, 3600.0], [56657.5, 510.0], [56658.0, 10000.0], [56659.5, 90.0]]"
61,2021-11-19 10:12:53.465,"[[56647.5, 60.0], [56643.0, 1000.0], [56639.5, 3000.0], [56637.0, 500.0], [56636.5, 510.0], [56635.5, 20.0], [56631.0, 5000.0], [56630.0, 25000.0], [56629.0, 1270.0], [56628.0, 550.0]]","[[56648.0, 94380.0], [56649.0, 2920.0], [56649.5, 1000.0], [56651.0, 150.0], [56652.5, 46360.0], [56653.5, 3000.0], [56655.0, 2000.0], [56656.5, 3600.0], [56657.5, 510.0], [56658.5, 5000.0]]"
62,2021-11-19 10:12:53.782,"[[56637.0, 500.0], [56631.0, 5000.0], [56630.0, 25000.0], [56629.0, 1270.0], [56628.0, 550.0], [56627.5, 20.0], [56626.5, 2000.0], [56624.0, 60.0], [56621.0, 15780.0], [56620.0, 15000.0]]","[[56637.5, 40820.0], [56640.0, 140370.0], [56645.5, 510.0], [56647.0, 20000.0], [56647.5, 19120.0], [56648.0, 60.0], [56649.0, 2920.0], [56651.0, 150.0], [56652.5, 46360.0], [56655.0, 2000.0]]"
63,2021-11-19 10:12:54.119,"[[56630.0, 25000.0], [56629.0, 1270.0], [56628.0, 550.0], [56626.5, 2000.0], [56624.0, 60.0], [56621.0, 510.0], [56619.5, 20.0], [56614.5, 40.0], [56612.5, 1370.0], [56607.0, 1890.0]]","[[56630.5, 22920.0], [56631.0, 10000.0], [56631.5, 129150.0], [56634.0, 300.0], [56634.5, 3600.0], [56637.5, 85880.0], [56638.0, 300.0], [56639.5, 10000.0], [56640.0, 70100.0], [56642.5, 10010.0]]"
64,2021-11-19 10:12:54.457,"[[56630.0, 25000.0], [56629.0, 1270.0], [56628.0, 550.0], [56626.5, 2000.0], [56624.0, 60.0], [56621.0, 510.0], [56619.5, 20.0], [56614.5, 40.0], [56607.0, 1890.0], [56603.0, 1810.0]]","[[56630.5, 150690.0], [56631.5, 90.0], [56632.0, 300.0], [56633.0, 150.0], [56634.5, 3600.0], [56636.5, 46360.0], [56637.0, 2500.0], [56637.5, 73320.0], [56639.5, 10000.0], [56641.5, 200.0]]"
65,2021-11-19 10:12:54.785,"[[56630.0, 32310.0], [56629.0, 1270.0], [56628.0, 550.0], [56626.5, 2000.0], [56624.0, 60.0], [56621.0, 510.0], [56619.5, 20.0], [56614.5, 40.0], [56607.0, 1890.0], [56603.0, 1810.0]]","[[56630.5, 132690.0], [56631.5, 1090.0], [56632.0, 300.0], [56633.0, 150.0], [56634.0, 8000.0], [56634.5, 3600.0], [56636.0, 510.0], [56636.5, 46360.0], [56637.0, 2500.0], [56637.5, 3220.0]]"
66,2021-11-19 10:12:55.116,"[[56630.0, 32310.0], [56629.0, 1270.0], [56628.0, 550.0], [56626.5, 2000.0], [56624.0, 60.0], [56621.0, 510.0], [56619.5, 20.0], [56618.5, 3000.0], [56614.5, 40.0], [56611.0, 5000.0]]","[[56630.5, 81980.0], [56631.5, 1000.0], [56633.0, 150.0], [56634.0, 3000.0], [56634.5, 3600.0], [56636.0, 510.0], [56636.5, 46360.0], [56637.5, 2920.0], [56639.5, 10000.0], [56640.0, 5000.0]]"
67,2021-11-19 10:12:55.445,"[[56630.0, 4260.0], [56629.0, 1270.0], [56628.0, 550.0], [56626.5, 2000.0], [56624.0, 60.0], [56614.5, 40.0], [56613.0, 20.0], [56610.0, 1000.0], [56607.0, 1890.0], [56604.0, 3000.0]]","[[56630.5, 211440.0], [56631.0, 300.0], [56631.5, 3000.0], [56632.0, 1000.0], [56632.5, 5000.0], [56634.5, 3600.0], [56635.5, 150.0], [56636.0, 510.0], [56636.5, 46360.0], [56637.5, 2920.0]]"
68,2021-11-19 10:12:55.772,"[[56630.0, 110.0], [56629.0, 1270.0], [56628.0, 550.0], [56626.5, 2000.0], [56624.0, 60.0], [56623.0, 4150.0], [56617.5, 20.0], [56614.5, 40.0], [56607.0, 1890.0], [56604.0, 3000.0]]","[[56630.5, 205040.0], [56631.0, 300.0], [56631.5, 3000.0], [56632.0, 1000.0], [56632.5, 5000.0], [56636.0, 510.0], [56636.5, 46360.0], [56637.0, 10000.0], [56637.5, 2920.0], [56638.5, 100.0]]"
69,2021-11-19 10:12:56.106,"[[56630.0, 110.0], [56629.0, 1270.0], [56628.0, 550.0], [56626.5, 2000.0], [56624.0, 60.0], [56623.0, 4150.0], [56619.0, 20.0], [56614.5, 40.0], [56608.5, 150.0], [56607.0, 1890.0]]","[[56630.5, 134540.0], [56631.5, 3000.0], [56632.0, 1000.0], [56632.5, 5000.0], [56636.0, 660.0], [56636.5, 46360.0], [56637.0, 10000.0], [56637.5, 2920.0], [56638.5, 100.0], [56639.5, 10000.0]]"
70,2021-11-19 10:12:56.425,"[[56630.0, 110.0], [56629.0, 1270.0], [56628.0, 550.0], [56626.5, 2000.0], [56624.0, 60.0], [56623.0, 4150.0], [56619.0, 20.0], [56615.5, 150.0], [56614.5, 40.0], [56607.0, 1890.0]]","[[56630.5, 134540.0], [56631.5, 3000.0], [56632.0, 1000.0], [56636.0, 510.0], [56636.5, 46360.0], [56637.0, 10000.0], [56637.5, 2920.0], [56639.5, 15000.0], [56641.0, 9620.0], [56641.5, 740.0]]"
71,2021-11-19 10:12:56.763,"[[56630.0, 110.0], [56629.0, 1270.0], [56628.0, 550.0], [56626.5, 2000.0], [56624.0, 60.0], [56623.0, 4150.0], [56620.5, 20.0], [56615.5, 150.0], [56614.5, 40.0], [56611.5, 1000.0]]","[[56630.5, 134310.0], [56631.5, 3000.0], [56632.0, 1000.0], [56636.0, 510.0], [56636.5, 46360.0], [56637.0, 10000.0], [56637.5, 2920.0], [56639.5, 15000.0], [56641.0, 9620.0], [56641.5, 740.0]]"
72,2021-11-19 10:12:57.096,"[[56630.0, 110.0], [56629.0, 1270.0], [56628.0, 550.0], [56626.5, 2000.0], [56624.0, 60.0], [56623.0, 4150.0], [56620.5, 20.0], [56615.5, 150.0], [56614.5, 40.0], [56611.5, 1000.0]]","[[56630.5, 134310.0], [56631.5, 3000.0], [56632.0, 1000.0], [56636.0, 510.0], [56636.5, 46360.0], [56637.0, 10000.0], [56637.5, 2920.0], [56639.5, 15000.0], [56641.0, 9620.0], [56641.5, 740.0]]"
73,2021-11-19 10:12:57.429,"[[56630.0, 110.0], [56629.0, 1270.0], [56628.0, 550.0], [56626.5, 2000.0], [56624.0, 60.0], [56623.0, 4150.0], [56620.5, 20.0], [56615.5, 150.0], [56614.5, 40.0], [56611.5, 1000.0]]","[[56630.5, 134310.0], [56631.5, 3000.0], [56632.0, 1000.0], [56632.5, 5000.0], [56636.0, 2510.0], [56636.5, 46360.0], [56637.0, 10000.0], [56637.5, 2920.0], [56639.5, 10000.0], [56641.0, 9620.0]]"
74,2021-11-19 10:12:57.758,"[[56620.5, 12600.0], [56610.5, 510.0], [56608.5, 7060.0], [56607.0, 2890.0], [56601.5, 150.0], [56599.5, 3000.0], [56596.5, 16590.0], [56595.0, 10100.0], [56594.5, 2000.0], [56594.0, 6810.0]]","[[56621.0, 73160.0], [56623.5, 20000.0], [56626.5, 3020.0], [56630.0, 3280.0], [56630.5, 5610.0], [56632.0, 5150.0], [56632.5, 5000.0], [56635.5, 16870.0], [56636.0, 3080.0], [56636.5, 96360.0]]"
75,2021-11-19 10:12:58.082,"[[56620.5, 12600.0], [56610.5, 510.0], [56608.5, 7060.0], [56607.0, 2890.0], [56600.5, 150.0], [56599.5, 3000.0], [56595.0, 10100.0], [56594.0, 6810.0], [56593.5, 680.0], [56592.5, 5570.0]]","[[56621.0, 38410.0], [56623.5, 20000.0], [56626.5, 3020.0], [56630.0, 3280.0], [56630.5, 5610.0], [56632.0, 5150.0], [56632.5, 5000.0], [56635.5, 16870.0], [56636.0, 53080.0], [56636.5, 46360.0]]"
76,2021-11-19 10:12:58.397,"[[56620.5, 12600.0], [56610.5, 510.0], [56608.5, 7060.0], [56607.0, 2890.0], [56600.5, 150.0], [56599.5, 3000.0], [56595.0, 10100.0], [56594.0, 8810.0], [56593.5, 680.0], [56593.0, 19020.0]]","[[56621.0, 38410.0], [56623.5, 20000.0], [56626.5, 3020.0], [56630.0, 3280.0], [56630.5, 5610.0], [56632.0, 5150.0], [56632.5, 5000.0], [56635.5, 16870.0], [56636.0, 53080.0], [56636.5, 46360.0]]"
77,2021-11-19 10:12:58.739,"[[56620.5, 12600.0], [56610.5, 510.0], [56608.5, 7060.0], [56608.0, 100.0], [56607.0, 1890.0], [56600.5, 150.0], [56595.0, 30100.0], [56594.0, 1810.0], [56593.5, 1260.0], [56593.0, 19020.0]]","[[56621.0, 14610.0], [56623.5, 20000.0], [56630.0, 3300.0], [56630.5, 3610.0], [56633.0, 3000.0], [56636.0, 50510.0], [56636.5, 46360.0], [56637.0, 10150.0], [56639.0, 2000.0], [56639.5, 10000.0]]"
78,2021-11-19 10:12:59.078,"[[56620.5, 12600.0], [56614.0, 1000.0], [56612.5, 3000.0], [56610.5, 510.0], [56608.5, 12060.0], [56608.0, 100.0], [56607.0, 1890.0], [56600.5, 150.0], [56599.0, 7390.0], [56598.5, 69490.0]]","[[56621.0, 14610.0], [56623.5, 20000.0], [56628.5, 20.0], [56630.0, 3280.0], [56630.5, 3610.0], [56633.0, 3000.0], [56635.5, 5000.0], [56636.0, 50510.0], [56636.5, 46360.0], [56637.0, 10150.0]]"
79,2021-11-19 10:12:59.298,"[[56620.5, 12600.0], [56619.0, 1000.0], [56612.5, 3000.0], [56610.5, 510.0], [56608.5, 12060.0], [56608.0, 100.0], [56607.0, 1890.0], [56600.5, 150.0], [56599.0, 7390.0], [56598.5, 69490.0]]","[[56621.0, 14610.0], [56623.5, 20000.0], [56627.5, 1000.0], [56628.5, 20.0], [56630.0, 3280.0], [56630.5, 3610.0], [56633.0, 3000.0], [56635.5, 5000.0], [56636.0, 50510.0], [56636.5, 46360.0]]"
80,2021-11-19 10:12:59.741,"[[56620.5, 12600.0], [56619.0, 1000.0], [56612.5, 3000.0], [56610.5, 510.0], [56608.5, 12060.0], [56608.0, 100.0], [56607.0, 1890.0], [56604.5, 2000.0], [56600.5, 150.0], [56599.0, 7390.0]]","[[56621.0, 14610.0], [56625.0, 20000.0], [56628.5, 20.0], [56630.0, 3280.0], [56630.5, 3610.0], [56631.5, 1000.0], [56633.0, 3000.0], [56636.0, 510.0], [56636.5, 46360.0], [56637.0, 10150.0]]"
81,2021-11-19 10:13:00.067,"[[56620.5, 40400.0], [56619.0, 1000.0], [56618.0, 3000.0], [56610.5, 510.0], [56608.5, 12060.0], [56608.0, 100.0], [56607.0, 1890.0], [56604.5, 2000.0], [56602.0, 10000.0], [56600.5, 150.0]]","[[56621.0, 60.0], [56630.0, 3280.0], [56630.5, 3610.0], [56631.5, 1000.0], [56633.0, 20.0], [56636.0, 510.0], [56636.5, 66360.0], [56637.0, 150.0], [56638.5, 3000.0], [56639.0, 2000.0]]"
82,2021-11-19 10:13:00.378,"[[56620.5, 40400.0], [56619.0, 1000.0], [56618.0, 3000.0], [56610.5, 510.0], [56608.5, 12060.0], [56608.0, 100.0], [56607.5, 150.0], [56607.0, 1890.0], [56602.0, 10000.0], [56599.5, 2000.0]]","[[56621.0, 60.0], [56630.0, 3280.0], [56630.5, 10.0], [56631.5, 1000.0], [56633.0, 20.0], [56636.0, 510.0], [56636.5, 66360.0], [56637.0, 150.0], [56638.5, 3000.0], [56639.0, 2000.0]]"
83,2021-11-19 10:13:00.730,"[[56620.5, 40400.0], [56619.0, 1000.0], [56618.0, 3000.0], [56610.5, 510.0], [56609.5, 2000.0], [56608.5, 12060.0], [56608.0, 100.0], [56607.5, 16950.0], [56607.0, 1890.0], [56602.0, 10000.0]]","[[56621.0, 60.0], [56630.0, 3280.0], [56630.5, 10.0], [56631.5, 1020.0], [56634.5, 14150.0], [56636.0, 510.0], [56636.5, 66360.0], [56637.0, 150.0], [56638.5, 3000.0], [56639.0, 2000.0]]"
84,2021-11-19 10:13:01.054,"[[56620.5, 30400.0], [56619.0, 1000.0], [56618.0, 3000.0], [56610.5, 510.0], [56609.5, 2000.0], [56608.5, 12060.0], [56608.0, 100.0], [56607.5, 150.0], [56607.0, 1890.0], [56599.5, 16790.0]]","[[56621.0, 60.0], [56628.5, 21000.0], [56630.0, 3300.0], [56630.5, 10.0], [56636.0, 510.0], [56636.5, 46360.0], [56637.0, 10150.0], [56638.5, 3000.0], [56639.0, 2000.0], [56639.5, 13600.0]]"
85,2021-11-19 10:13:01.391,"[[56620.5, 30400.0], [56619.0, 1000.0], [56618.0, 3000.0], [56610.5, 510.0], [56609.5, 2000.0], [56608.5, 12060.0], [56608.0, 100.0], [56607.5, 150.0], [56607.0, 1890.0], [56599.5, 16790.0]]","[[56621.0, 60.0], [56628.5, 1000.0], [56630.0, 3300.0], [56630.5, 10.0], [56636.0, 510.0], [56636.5, 66360.0], [56637.0, 150.0], [56638.5, 3000.0], [56639.0, 2000.0], [56639.5, 13600.0]]"
86,2021-11-19 10:13:01.721,"[[56615.5, 1000.0], [56612.0, 3000.0], [56610.5, 510.0], [56608.5, 12060.0], [56608.0, 100.0], [56607.0, 1890.0], [56601.0, 150.0], [56599.5, 16790.0], [56599.0, 1810.0], [56598.5, 69490.0]]","[[56616.0, 85100.0], [56621.0, 94830.0], [56625.0, 1000.0], [56625.5, 20000.0], [56628.5, 3000.0], [56630.0, 3280.0], [56630.5, 10.0], [56636.0, 510.0], [56636.5, 46360.0], [56637.0, 150.0]]"
87,2021-11-19 10:13:02.050,"[[56614.0, 138420.0], [56609.5, 70200.0], [56608.5, 8170.0], [56607.0, 1890.0], [56604.0, 1000.0], [56603.5, 150.0], [56599.0, 510.0], [56595.5, 17060.0], [56593.5, 680.0], [56593.0, 23000.0]]","[[56614.5, 980.0], [56619.0, 3280.0], [56622.5, 20000.0], [56628.5, 3600.0], [56630.5, 10.0], [56631.0, 46360.0], [56632.0, 5000.0], [56633.5, 14150.0], [56635.0, 150.0], [56636.0, 510.0]]"
88,2021-11-19 10:13:02.383,"[[56619.0, 43470.0], [56614.5, 20.0], [56613.5, 3000.0], [56612.0, 5000.0], [56607.0, 1890.0], [56603.5, 150.0], [56601.5, 8170.0], [56599.0, 510.0], [56596.0, 7380.0], [56595.5, 32060.0]]","[[56619.5, 60.0], [56628.5, 3600.0], [56629.5, 20.0], [56630.5, 4940.0], [56632.5, 46510.0], [56636.0, 510.0], [56637.0, 10000.0], [56638.5, 5000.0], [56639.0, 18200.0], [56639.5, 10000.0]]"
89,2021-11-19 10:13:02.714,"[[56619.0, 36360.0], [56614.5, 20.0], [56613.5, 3000.0], [56608.5, 8170.0], [56607.0, 1890.0], [56603.5, 150.0], [56599.0, 510.0], [56596.0, 7380.0], [56595.5, 32060.0], [56595.0, 10000.0]]","[[56619.5, 3250.0], [56622.5, 20000.0], [56625.5, 20.0], [56628.5, 3600.0], [56630.5, 4940.0], [56631.0, 510.0], [56632.0, 5000.0], [56632.5, 46510.0], [56636.0, 510.0], [56637.0, 10000.0]]"
90,2021-11-19 10:13:03.044,"[[56619.0, 36380.0], [56608.5, 8270.0], [56607.0, 1890.0], [56606.5, 2000.0], [56603.5, 150.0], [56599.0, 510.0], [56596.0, 7380.0], [56595.5, 33970.0], [56594.5, 20000.0], [56594.0, 590.0]]","[[56619.5, 470.0], [56628.5, 3600.0], [56630.0, 20.0], [56630.5, 24940.0], [56631.0, 510.0], [56632.5, 46360.0], [56636.0, 510.0], [56639.0, 2000.0], [56639.5, 10150.0], [56641.5, 580.0]]"
91,2021-11-19 10:13:03.323,"[[56619.0, 36380.0], [56608.5, 8270.0], [56607.0, 1890.0], [56603.5, 150.0], [56599.0, 510.0], [56598.0, 2000.0], [56596.0, 7380.0], [56595.5, 33970.0], [56594.5, 20000.0], [56594.0, 590.0]]","[[56619.5, 470.0], [56628.5, 3600.0], [56630.0, 20.0], [56630.5, 24940.0], [56631.0, 510.0], [56632.5, 46360.0], [56636.0, 510.0], [56639.0, 2000.0], [56639.5, 10150.0], [56641.5, 580.0]]"
92,2021-11-19 10:13:03.699,"[[56619.0, 45480.0], [56608.5, 8270.0], [56607.0, 1890.0], [56603.5, 150.0], [56601.5, 2000.0], [56599.0, 510.0], [56598.0, 2000.0], [56596.0, 7380.0], [56595.5, 31970.0], [56595.0, 10000.0]]","[[56619.5, 470.0], [56628.5, 3600.0], [56630.0, 20.0], [56630.5, 24940.0], [56631.0, 510.0], [56632.5, 46360.0], [56634.5, 150.0], [56636.0, 510.0], [56639.0, 2000.0], [56639.5, 10000.0]]"
93,2021-11-19 10:13:03.996,"[[56619.0, 45480.0], [56608.5, 8270.0], [56607.0, 1890.0], [56604.0, 2000.0], [56603.5, 150.0], [56602.0, 10000.0], [56600.0, 7390.0], [56599.5, 69510.0], [56599.0, 20510.0], [56598.0, 2000.0]]","[[56619.5, 470.0], [56628.5, 3600.0], [56630.0, 20.0], [56630.5, 24940.0], [56631.0, 510.0], [56632.5, 46360.0], [56634.5, 150.0], [56636.0, 510.0], [56639.0, 2000.0], [56639.5, 10000.0]]"
94,2021-11-19 10:13:04.362,"[[56629.5, 17470.0], [56619.0, 86450.0], [56618.0, 3000.0], [56609.0, 2000.0], [56608.5, 8270.0], [56607.0, 3890.0], [56603.5, 150.0], [56603.0, 20000.0], [56602.5, 740.0], [56602.0, 10000.0]]","[[56630.0, 20.0], [56630.5, 24930.0], [56632.5, 46360.0], [56635.5, 3600.0], [56636.0, 510.0], [56639.0, 2150.0], [56639.5, 10000.0], [56642.5, 10010.0], [56644.0, 10000.0], [56644.5, 2000.0]]"
95,2021-11-19 10:13:04.690,"[[56635.5, 6950.0], [56633.0, 3290.0], [56632.5, 122350.0], [56632.0, 13480.0], [56631.5, 38640.0], [56630.0, 80200.0], [56629.5, 121240.0], [56624.5, 510.0], [56620.5, 100.0], [56619.0, 9250.0]]","[[56636.0, 19340.0], [56643.5, 20.0], [56645.0, 16560.0], [56648.5, 10000.0], [56653.0, 2500.0], [56653.5, 43640.0], [56654.0, 7400.0], [56658.0, 20000.0], [56658.5, 17160.0], [56661.0, 10.0]]"
96,2021-11-19 10:13:04.923,"[[56643.0, 77310.0], [56642.0, 10000.0], [56641.5, 8590.0], [56637.0, 4330.0], [56635.5, 80140.0], [56633.0, 10410.0], [56632.5, 45270.0], [56632.0, 12360.0], [56631.5, 34470.0], [56630.0, 70200.0]]","[[56643.5, 3290.0], [56644.0, 10000.0], [56644.5, 13880.0], [56648.5, 10000.0], [56653.0, 2500.0], [56654.5, 20000.0], [56658.0, 20000.0], [56658.5, 17180.0], [56661.5, 45130.0], [56662.0, 200.0]]"
97,2021-11-19 10:13:05.332,"[[56643.0, 22120.0], [56641.5, 13390.0], [56637.5, 10500.0], [56637.0, 14550.0], [56635.5, 93100.0], [56635.0, 2000.0], [56633.0, 12160.0], [56632.5, 5740.0], [56632.0, 12510.0], [56630.0, 10000.0]]","[[56643.5, 10000.0], [56644.5, 17170.0], [56648.5, 10000.0], [56651.5, 20.0], [56653.0, 510.0], [56654.0, 510.0], [56655.0, 20000.0], [56658.5, 21660.0], [56661.0, 7400.0], [56661.5, 45130.0]]"
98,2021-11-19 10:13:05.678,"[[56644.0, 12580.0], [56643.0, 1000.0], [56641.5, 90.0], [56633.0, 5290.0], [56632.5, 740.0], [56632.0, 90.0], [56631.0, 2000.0], [56628.5, 150.0], [56625.5, 15000.0], [56624.5, 510.0]]","[[56644.5, 26080.0], [56646.5, 3290.0], [56651.5, 20.0], [56652.0, 46360.0], [56653.0, 510.0], [56654.0, 510.0], [56655.0, 20000.0], [56659.5, 150.0], [56660.0, 16620.0], [56665.0, 5000.0]]"
99,2021-11-19 10:13:05.959,"[[56644.0, 12600.0], [56643.0, 1000.0], [56634.5, 5000.0], [56634.0, 3000.0], [56632.0, 90.0], [56629.5, 8170.0], [56628.5, 150.0], [56627.5, 740.0], [56624.5, 510.0], [56623.0, 25000.0]]","[[56644.5, 50130.0], [56648.0, 1000.0], [56651.5, 20.0], [56652.0, 46360.0], [56653.0, 510.0], [56653.5, 26290.0], [56654.0, 510.0], [56659.5, 150.0], [56660.0, 16620.0], [56661.0, 15950.0]]"
100,2021-11-19 10:13:06.346,"[[56644.0, 12670.0], [56639.0, 1000.0], [56633.0, 3000.0], [56632.0, 90.0], [56629.5, 8170.0], [56628.5, 150.0], [56627.5, 5000.0], [56624.5, 510.0], [56623.0, 10000.0], [56622.5, 2000.0]]","[[56644.5, 50130.0], [56645.0, 5930.0], [56651.5, 20.0], [56652.0, 46360.0], [56653.0, 510.0], [56653.5, 23000.0], [56654.0, 510.0], [56657.5, 5000.0], [56659.5, 150.0], [56660.0, 16620.0]]"
101,2021-11-19 10:13:06.638,"[[56644.0, 7670.0], [56639.0, 1000.0], [56633.0, 3000.0], [56632.0, 90.0], [56629.5, 8170.0], [56628.5, 150.0], [56627.5, 5000.0], [56626.0, 2000.0], [56625.0, 9400.0], [56624.5, 69490.0]]","[[56644.5, 50130.0], [56645.0, 5930.0], [56648.5, 3000.0], [56651.0, 20000.0], [56651.5, 20.0], [56652.0, 46360.0], [56653.0, 510.0], [56654.0, 510.0], [56657.5, 5000.0], [56659.5, 15930.0]]"
102,2021-11-19 10:13:06.989,"[[56644.0, 48770.0], [56642.0, 1000.0], [56633.0, 3000.0], [56632.0, 90.0], [56629.5, 8170.0], [56628.5, 150.0], [56627.5, 7000.0], [56627.0, 740.0], [56625.0, 9400.0], [56624.5, 69490.0]]","[[56645.0, 4930.0], [56652.0, 46360.0], [56653.0, 510.0], [56653.5, 3000.0], [56654.0, 510.0], [56657.5, 5000.0], [56659.5, 150.0], [56665.0, 15960.0], [56665.5, 12010.0], [56666.5, 3600.0]]"
103,2021-11-19 10:13:07.335,"[[56652.5, 15110.0], [56651.5, 1000.0], [56651.0, 3000.0], [56644.5, 70300.0], [56644.0, 90.0], [56643.5, 5000.0], [56640.5, 2000.0], [56636.5, 8170.0], [56633.0, 150.0], [56632.5, 15000.0]]","[[56653.0, 10510.0], [56658.5, 3060.0], [56660.5, 1000.0], [56661.5, 20.0], [56663.0, 510.0], [56663.5, 20000.0], [56665.0, 15960.0], [56665.5, 12010.0], [56666.5, 3600.0], [56667.0, 150.0]]"
104,2021-11-19 10:13:07.663,"[[56652.5, 16990.0], [56651.5, 1000.0], [56651.0, 3000.0], [56643.5, 5000.0], [56636.5, 10170.0], [56635.0, 100.0], [56633.0, 150.0], [56632.5, 15000.0], [56628.0, 16940.0], [56627.5, 600.0]]","[[56653.0, 10510.0], [56658.5, 3060.0], [56659.5, 20000.0], [56660.5, 1000.0], [56661.5, 20.0], [56663.0, 510.0], [56665.0, 18960.0], [56665.5, 12010.0], [56666.5, 3600.0], [56667.0, 150.0]]"
105,2021-11-19 10:13:07.946,"[[56659.5, 20.0], [56658.0, 119190.0], [56656.5, 10000.0], [56656.0, 126070.0], [56648.0, 100.0], [56646.5, 510.0], [56645.0, 7060.0], [56644.5, 2000.0], [56643.5, 13170.0], [56640.5, 2000.0]]","[[56661.0, 3060.0], [56663.5, 20000.0], [56665.0, 18960.0], [56669.0, 5020.0], [56669.5, 46360.0], [56672.0, 2000.0], [56672.5, 150.0], [56673.0, 10000.0], [56674.0, 3600.0], [56676.0, 2000.0]]"
106,2021-11-19 10:13:08.327,"[[56660.0, 6950.0], [56659.5, 3890.0], [56659.0, 3000.0], [56653.5, 5000.0], [56648.5, 2000.0], [56648.0, 100.0], [56646.5, 510.0], [56645.0, 7060.0], [56643.5, 8170.0], [56640.0, 150.0]]","[[56660.5, 12780.0], [56665.0, 3060.0], [56669.0, 20020.0], [56669.5, 46360.0], [56670.0, 1000.0], [56670.5, 1020.0], [56672.0, 2000.0], [56674.5, 3000.0], [56675.5, 150.0], [56678.0, 2000.0]]"
107,2021-11-19 10:13:08.653,"[[56660.0, 6970.0], [56659.5, 3890.0], [56659.0, 3000.0], [56653.5, 5000.0], [56648.5, 2000.0], [56648.0, 100.0], [56646.5, 510.0], [56645.0, 7060.0], [56644.0, 16960.0], [56643.5, 8170.0]]","[[56660.5, 17780.0], [56665.0, 3060.0], [56669.0, 20020.0], [56669.5, 46360.0], [56670.0, 1000.0], [56670.5, 1020.0], [56672.0, 2000.0], [56674.5, 3000.0], [56679.0, 150.0], [56681.5, 5000.0]]"
108,2021-11-19 10:13:08.951,"[[56653.5, 5000.0], [56645.0, 7060.0], [56643.5, 8170.0], [56632.5, 15000.0], [56632.0, 7400.0], [56631.5, 150.0], [56627.0, 740.0], [56624.5, 88800.0], [56623.5, 19820.0], [56621.5, 100.0]]","[[56654.0, 89820.0], [56659.0, 80200.0], [56659.5, 3980.0], [56660.0, 137910.0], [56660.5, 106210.0], [56662.0, 300.0], [56663.0, 2000.0], [56663.5, 20.0], [56664.5, 10000.0], [56665.0, 3060.0]]"
109,2021-11-19 10:13:09.320,"[[56645.5, 10050.0], [56636.5, 8170.0], [56636.0, 510.0], [56632.5, 15000.0], [56627.0, 740.0], [56626.0, 150.0], [56625.0, 14460.0], [56624.5, 88800.0], [56623.5, 19820.0], [56623.0, 10000.0]]","[[56646.0, 18360.0], [56654.0, 70200.0], [56655.0, 22980.0], [56659.0, 70200.0], [56660.0, 3600.0], [56660.5, 16640.0], [56661.0, 15950.0], [56662.0, 46360.0], [56663.0, 7100.0], [56664.5, 10000.0]]"
110,2021-11-19 10:13:09.634,"[[56645.5, 10050.0], [56636.5, 8170.0], [56636.0, 510.0], [56627.0, 740.0], [56626.0, 150.0], [56625.0, 14460.0], [56624.5, 88800.0], [56623.5, 19820.0], [56623.0, 10000.0], [56621.5, 100.0]]","[[56646.0, 18360.0], [56650.5, 1000.0], [56653.5, 20.0], [56654.0, 70200.0], [56654.5, 3000.0], [56655.0, 22960.0], [56660.0, 19200.0], [56660.5, 16640.0], [56661.0, 15950.0], [56662.0, 46360.0]]"
111,2021-11-19 10:13:09.957,"[[56645.5, 50.0], [56636.5, 8170.0], [56625.0, 7060.0], [56621.5, 100.0], [56620.5, 17330.0], [56615.5, 550.0], [56615.0, 600.0], [56613.5, 3600.0], [56612.0, 7400.0], [56611.5, 15700.0]]","[[56646.0, 73840.0], [56647.0, 510.0], [56649.0, 2000.0], [56649.5, 10.0], [56650.5, 20.0], [56654.0, 70200.0], [56654.5, 3000.0], [56655.0, 2960.0], [56656.5, 50000.0], [56657.5, 150.0]]"
112,2021-11-19 10:13:10.308,"[[56636.5, 90.0], [56634.0, 1000.0], [56629.5, 8170.0], [56628.0, 3000.0], [56626.0, 5000.0], [56625.0, 7060.0], [56620.5, 15960.0], [56619.0, 2000.0], [56616.0, 150.0], [56611.5, 15700.0]]","[[56637.0, 113840.0], [56639.0, 20000.0], [56642.0, 20.0], [56646.0, 7070.0], [56647.0, 520.0], [56647.5, 1300.0], [56649.0, 5000.0], [56649.5, 50000.0], [56650.0, 100.0], [56651.5, 5000.0]]"
113,2021-11-19 10:13:10.639,"[[56636.5, 90.0], [56629.5, 8170.0], [56629.0, 1000.0], [56628.0, 3000.0], [56625.0, 7060.0], [56618.0, 5000.0], [56611.5, 15700.0], [56610.0, 1530.0], [56608.5, 15000.0], [56607.5, 16690.0]]","[[56637.0, 97040.0], [56638.0, 1000.0], [56642.0, 20.0], [56643.5, 3000.0], [56646.0, 7070.0], [56647.0, 520.0], [56647.5, 300.0], [56648.5, 50000.0], [56649.0, 2000.0], [56650.0, 100.0]]"
114,2021-11-19 10:13:10.895,"[[56636.5, 90.0], [56629.5, 8170.0], [56629.0, 1000.0], [56628.0, 3000.0], [56625.0, 7060.0], [56618.0, 5000.0], [56615.5, 150.0], [56611.5, 15700.0], [56610.0, 1380.0], [56609.0, 15850.0]]","[[56637.0, 48640.0], [56638.0, 21000.0], [56642.0, 20.0], [56643.5, 3000.0], [56646.0, 7070.0], [56647.0, 520.0], [56647.5, 300.0], [56648.5, 50000.0], [56649.0, 2000.0], [56650.0, 100.0]]"
115,2021-11-19 10:13:11.297,"[[56636.5, 90.0], [56629.5, 8170.0], [56629.0, 1000.0], [56628.0, 3000.0], [56625.0, 7060.0], [56618.0, 5000.0], [56615.5, 150.0], [56611.5, 15700.0], [56610.0, 1380.0], [56609.0, 15850.0]]","[[56637.0, 48640.0], [56638.0, 21000.0], [56642.0, 20.0], [56643.5, 3000.0], [56646.0, 7070.0], [56647.0, 520.0], [56647.5, 300.0], [56648.5, 50000.0], [56649.0, 2000.0], [56650.0, 100.0]]"
116,2021-11-19 10:13:11.629,"[[56636.5, 90.0], [56629.5, 8170.0], [56618.5, 1000.0], [56611.5, 15700.0], [56611.0, 5000.0], [56610.0, 1530.0], [56609.0, 15850.0], [56607.5, 2000.0], [56607.0, 1890.0], [56606.0, 7400.0]]","[[56637.0, 152140.0], [56637.5, 3000.0], [56638.0, 4090.0], [56638.5, 3600.0], [56639.5, 2000.0], [56640.0, 20.0], [56643.0, 5000.0], [56646.0, 510.0], [56647.0, 660.0], [56647.5, 300.0]]"
117,2021-11-19 10:13:11.924,"[[56636.5, 90.0], [56630.0, 1000.0], [56629.5, 8170.0], [56621.5, 3000.0], [56617.5, 5000.0], [56615.0, 150.0], [56611.5, 15700.0], [56610.0, 1380.0], [56609.0, 15850.0], [56607.0, 1890.0]]","[[56637.0, 81940.0], [56638.0, 1000.0], [56638.5, 3600.0], [56639.5, 2000.0], [56640.0, 20.0], [56640.5, 3090.0], [56643.0, 5000.0], [56643.5, 3000.0], [56646.0, 510.0], [56647.0, 660.0]]"
118,2021-11-19 10:13:12.287,"[[56636.5, 90.0], [56630.0, 1000.0], [56629.5, 8170.0], [56621.5, 3000.0], [56617.5, 5000.0], [56615.0, 150.0], [56611.5, 15700.0], [56610.0, 1380.0], [56609.0, 15850.0], [56607.0, 1890.0]]","[[56637.0, 81940.0], [56638.0, 1000.0], [56638.5, 3600.0], [56639.5, 2000.0], [56640.0, 20.0], [56640.5, 3090.0], [56643.0, 5000.0], [56643.5, 3000.0], [56646.0, 510.0], [56647.0, 660.0]]"
119,2021-11-19 10:13:12.596,"[[56636.5, 90.0], [56629.5, 8170.0], [56624.0, 1000.0], [56615.0, 150.0], [56614.5, 3000.0], [56611.5, 15700.0], [56610.0, 1380.0], [56609.5, 7400.0], [56609.0, 32850.0], [56607.0, 1890.0]]","[[56637.0, 91940.0], [56638.0, 1000.0], [56638.5, 3600.0], [56639.5, 2000.0], [56640.0, 20.0], [56640.5, 3090.0], [56643.0, 5000.0], [56646.0, 510.0], [56647.0, 660.0], [56647.5, 300.0]]"
120,2021-11-19 10:13:12.954,"[[56622.5, 8170.0], [56615.0, 1000.0], [56611.5, 15700.0], [56610.5, 150.0], [56609.0, 20850.0], [56608.5, 3000.0], [56607.0, 1890.0], [56606.0, 1810.0], [56601.0, 2000.0], [56599.5, 5590.0]]","[[56623.0, 94650.0], [56629.0, 20.0], [56630.0, 70230.0], [56630.5, 3000.0], [56631.5, 20000.0], [56632.5, 3020.0], [56635.0, 46360.0], [56636.0, 5000.0], [56637.0, 7150.0], [56638.5, 3600.0]]"
121,2021-11-19 10:13:13.270,"[[56622.5, 23170.0], [56622.0, 1000.0], [56619.0, 3000.0], [56609.0, 20850.0], [56607.0, 1890.0], [56605.5, 740.0], [56604.5, 150.0], [56604.0, 2000.0], [56602.0, 10000.0], [56599.0, 90.0]]","[[56623.0, 24480.0], [56624.0, 2000.0], [56624.5, 3020.0], [56629.0, 20.0], [56630.0, 70200.0], [56630.5, 1000.0], [56631.0, 3600.0], [56631.5, 20000.0], [56635.0, 46360.0], [56636.5, 3000.0]]"
122,2021-11-19 10:13:13.609,"[[56616.0, 10000.0], [56615.5, 8170.0], [56613.5, 1000.0], [56607.5, 3000.0], [56607.0, 1890.0], [56605.5, 510.0], [56604.5, 150.0], [56602.0, 5000.0], [56599.0, 90.0], [56597.0, 17000.0]]","[[56616.5, 9930.0], [56622.5, 510.0], [56623.0, 1020.0], [56624.0, 2000.0], [56624.5, 3020.0], [56625.0, 20000.0], [56630.0, 70200.0], [56631.0, 3600.0], [56631.5, 3000.0], [56634.5, 7400.0]]"
123,2021-11-19 10:13:13.942,"[[56616.0, 15000.0], [56615.5, 8170.0], [56613.5, 1000.0], [56607.5, 3000.0], [56607.0, 1890.0], [56605.5, 510.0], [56602.0, 5000.0], [56600.0, 16540.0], [56599.0, 830.0], [56597.5, 15710.0]]","[[56616.5, 24480.0], [56622.5, 510.0], [56623.0, 1020.0], [56624.0, 2000.0], [56624.5, 3020.0], [56625.0, 20000.0], [56630.0, 70200.0], [56631.0, 3600.0], [56631.5, 3000.0], [56634.5, 7400.0]]"
124,2021-11-19 10:13:14.276,"[[56608.5, 27800.0], [56607.0, 1890.0], [56605.5, 510.0], [56601.5, 8170.0], [56600.0, 16390.0], [56599.0, 740.0], [56598.5, 150.0], [56597.5, 15710.0], [56595.0, 7060.0], [56593.5, 680.0]]","[[56609.0, 2780.0], [56614.0, 3050.0], [56616.5, 20.0], [56621.5, 46360.0], [56622.5, 510.0], [56623.5, 510.0], [56624.0, 5600.0], [56625.0, 20000.0], [56629.5, 16630.0], [56630.0, 70200.0]]"
125,2021-11-19 10:13:14.595,"[[56608.5, 27800.0], [56607.0, 1890.0], [56606.0, 1000.0], [56605.5, 510.0], [56605.0, 3000.0], [56601.5, 8170.0], [56600.0, 16390.0], [56599.0, 740.0], [56598.5, 150.0], [56597.5, 15710.0]]","[[56609.0, 4810.0], [56614.0, 3020.0], [56615.5, 1000.0], [56616.5, 20.0], [56621.0, 3000.0], [56621.5, 46360.0], [56622.5, 510.0], [56623.5, 510.0], [56624.0, 3600.0], [56624.5, 20000.0]]"
126,2021-11-19 10:13:14.936,"[[56608.5, 41100.0], [56607.0, 1890.0], [56606.0, 1000.0], [56605.5, 510.0], [56605.0, 3000.0], [56601.5, 13170.0], [56599.0, 740.0], [56598.5, 150.0], [56597.5, 15710.0], [56595.5, 16420.0]]","[[56609.0, 30.0], [56614.0, 3020.0], [56616.5, 20.0], [56617.5, 2000.0], [56619.5, 1000.0], [56621.0, 3000.0], [56621.5, 46360.0], [56622.5, 510.0], [56623.5, 510.0], [56624.0, 3600.0]]"
127,2021-11-19 10:13:15.256,"[[56608.5, 41100.0], [56607.0, 1890.0], [56606.0, 1000.0], [56605.5, 510.0], [56605.0, 3000.0], [56601.5, 13170.0], [56599.0, 740.0], [56598.5, 150.0], [56597.5, 15710.0], [56595.5, 16420.0]]","[[56609.0, 30.0], [56614.0, 3020.0], [56616.5, 20.0], [56617.5, 2000.0], [56619.5, 1000.0], [56621.0, 3000.0], [56621.5, 46360.0], [56622.5, 510.0], [56623.5, 510.0], [56624.0, 3600.0]]"
128,2021-11-19 10:13:15.555,"[[56608.5, 53200.0], [56607.0, 1890.0], [56606.0, 1000.0], [56605.5, 510.0], [56605.0, 3000.0], [56601.5, 13170.0], [56599.0, 740.0], [56598.5, 150.0], [56598.0, 2000.0], [56597.5, 15710.0]]","[[56609.0, 30.0], [56614.0, 3020.0], [56616.5, 20.0], [56617.5, 2000.0], [56619.5, 1000.0], [56621.0, 3000.0], [56621.5, 46360.0], [56622.5, 510.0], [56623.5, 510.0], [56624.0, 3600.0]]"
129,2021-11-19 10:13:15.884,"[[56608.5, 41100.0], [56607.0, 1890.0], [56606.0, 1000.0], [56605.5, 510.0], [56605.0, 3000.0], [56601.5, 13170.0], [56599.0, 740.0], [56598.5, 150.0], [56597.5, 15710.0], [56595.5, 18420.0]]","[[56609.0, 2030.0], [56614.0, 3020.0], [56616.5, 20.0], [56619.5, 1000.0], [56621.0, 3000.0], [56621.5, 46360.0], [56622.5, 510.0], [56623.5, 510.0], [56624.0, 3600.0], [56625.0, 20000.0]]"
130,2021-11-19 10:13:16.231,"[[56608.5, 41100.0], [56607.0, 1890.0], [56606.0, 1000.0], [56605.5, 510.0], [56605.0, 3000.0], [56601.5, 13170.0], [56599.0, 740.0], [56598.5, 150.0], [56597.5, 15710.0], [56596.5, 2000.0]]","[[56609.0, 2030.0], [56614.0, 3020.0], [56616.5, 20.0], [56619.5, 1000.0], [56621.0, 3000.0], [56621.5, 46360.0], [56622.5, 510.0], [56623.5, 510.0], [56624.0, 3600.0], [56625.0, 20000.0]]"
131,2021-11-19 10:13:16.533,"[[56608.5, 68400.0], [56607.0, 1890.0], [56606.0, 1000.0], [56605.5, 510.0], [56605.0, 3000.0], [56601.5, 13170.0], [56599.0, 740.0], [56598.5, 150.0], [56597.5, 15710.0], [56596.5, 2000.0]]","[[56609.0, 2030.0], [56614.0, 3020.0], [56616.5, 20.0], [56619.5, 1000.0], [56621.0, 3000.0], [56621.5, 46360.0], [56622.5, 510.0], [56623.5, 510.0], [56624.0, 3600.0], [56625.0, 20000.0]]"
132,2021-11-19 10:13:16.917,"[[56608.5, 51100.0], [56607.0, 1890.0], [56606.0, 1000.0], [56605.5, 510.0], [56605.0, 3000.0], [56601.5, 13170.0], [56599.0, 740.0], [56598.5, 2150.0], [56597.5, 15710.0], [56596.5, 2000.0]]","[[56609.0, 30.0], [56614.0, 3020.0], [56616.5, 1020.0], [56618.0, 2000.0], [56621.0, 3000.0], [56621.5, 46360.0], [56622.5, 510.0], [56623.5, 510.0], [56624.0, 3600.0], [56625.0, 20000.0]]"
133,2021-11-19 10:13:17.216,"[[56608.5, 41100.0], [56607.0, 1890.0], [56606.0, 1000.0], [56605.5, 510.0], [56605.0, 3000.0], [56601.5, 13170.0], [56599.0, 740.0], [56598.5, 150.0], [56597.5, 15710.0], [56596.5, 2090.0]]","[[56609.0, 30.0], [56614.0, 3020.0], [56618.0, 2000.0], [56620.5, 1000.0], [56621.0, 20.0], [56621.5, 46360.0], [56622.5, 510.0], [56623.5, 510.0], [56624.0, 3600.0], [56625.0, 20000.0]]"
134,2021-11-19 10:13:17.557,"[[56608.5, 85700.0], [56607.0, 1890.0], [56606.0, 1000.0], [56605.5, 510.0], [56605.0, 3000.0], [56601.5, 15170.0], [56599.0, 740.0], [56598.5, 150.0], [56597.5, 15710.0], [56596.5, 90.0]]","[[56609.0, 30.0], [56614.0, 3020.0], [56618.0, 2000.0], [56620.5, 1000.0], [56621.0, 20.0], [56621.5, 46360.0], [56622.5, 510.0], [56623.5, 510.0], [56625.0, 20000.0], [56626.5, 3000.0]]"
135,2021-11-19 10:13:17.909,"[[56621.0, 128440.0], [56620.5, 5670.0], [56613.5, 70200.0], [56608.5, 8170.0], [56607.0, 1890.0], [56605.5, 510.0], [56604.5, 150.0], [56604.0, 20000.0], [56603.0, 2000.0], [56599.0, 3600.0]]","[[56621.5, 30.0], [56628.0, 5230.0], [56631.0, 16280.0], [56632.0, 20.0], [56633.0, 20000.0], [56637.5, 3600.0], [56638.0, 3000.0], [56639.0, 10010.0], [56641.5, 1810.0], [56642.0, 46960.0]]"
136,2021-11-19 10:13:18.233,"[[56621.0, 133440.0], [56620.5, 6670.0], [56619.5, 3000.0], [56613.5, 70200.0], [56609.0, 10000.0], [56608.5, 8910.0], [56607.0, 1890.0], [56606.5, 15000.0], [56605.5, 510.0], [56604.5, 150.0]]","[[56621.5, 30.0], [56628.0, 3230.0], [56631.0, 16280.0], [56632.0, 20.0], [56637.5, 1000.0], [56638.0, 3000.0], [56639.0, 10010.0], [56640.5, 2000.0], [56641.5, 7400.0], [56642.0, 46360.0]]"
137,2021-11-19 10:13:18.567,"[[56621.0, 32800.0], [56620.5, 3890.0], [56608.5, 8910.0], [56607.5, 1810.0], [56607.0, 69820.0], [56605.5, 510.0], [56604.5, 150.0], [56603.0, 2000.0], [56602.5, 16200.0], [56602.0, 10000.0]]","[[56621.5, 9580.0], [56628.0, 3230.0], [56629.0, 2510.0], [56629.5, 20.0], [56633.0, 20000.0], [56639.0, 10010.0], [56641.5, 7400.0], [56642.0, 46360.0], [56642.5, 100.0], [56644.0, 10000.0]]"
138,2021-11-19 10:13:18.884,"[[56621.0, 20000.0], [56620.5, 2890.0], [56616.5, 1000.0], [56612.0, 3000.0], [56608.5, 8170.0], [56607.5, 1810.0], [56607.0, 69820.0], [56606.5, 5000.0], [56605.5, 510.0], [56604.5, 150.0]]","[[56621.5, 9580.0], [56623.5, 1000.0], [56625.0, 20000.0], [56628.0, 3230.0], [56629.0, 5510.0], [56629.5, 20.0], [56632.5, 510.0], [56636.0, 600.0], [56636.5, 53600.0], [56637.5, 150.0]]"
139,2021-11-19 10:13:19.225,"[[56621.0, 24330.0], [56620.5, 2890.0], [56619.5, 1000.0], [56612.0, 3000.0], [56608.5, 8170.0], [56607.5, 1810.0], [56607.0, 69820.0], [56606.5, 5000.0], [56605.5, 510.0], [56604.5, 150.0]]","[[56621.5, 7620.0], [56625.0, 20000.0], [56628.0, 4230.0], [56629.0, 2510.0], [56629.5, 20.0], [56632.5, 510.0], [56634.0, 3000.0], [56636.0, 600.0], [56636.5, 3600.0], [56637.5, 150.0]]"
140,2021-11-19 10:13:19.559,"[[56621.0, 42130.0], [56620.5, 2890.0], [56619.5, 1000.0], [56612.0, 3000.0], [56609.0, 2000.0], [56608.5, 8170.0], [56607.5, 1810.0], [56607.0, 69820.0], [56606.5, 5000.0], [56605.5, 510.0]]","[[56621.5, 7620.0], [56625.0, 20000.0], [56625.5, 1000.0], [56628.0, 3230.0], [56629.0, 2510.0], [56629.5, 20.0], [56632.5, 510.0], [56634.0, 3000.0], [56636.0, 600.0], [56636.5, 3600.0]]"
141,2021-11-19 10:13:19.889,"[[56621.0, 58430.0], [56620.5, 2890.0], [56619.5, 1000.0], [56613.0, 5000.0], [56611.5, 2000.0], [56608.5, 8170.0], [56607.5, 1810.0], [56607.0, 69820.0], [56606.0, 740.0], [56605.5, 510.0]]","[[56621.5, 40.0], [56628.0, 3230.0], [56629.0, 2510.0], [56632.5, 510.0], [56634.0, 20.0], [56639.0, 13010.0], [56640.0, 20000.0], [56641.0, 150.0], [56641.5, 7400.0], [56642.0, 46360.0]]"
142,2021-11-19 10:13:20.201,"[[56621.0, 55430.0], [56620.5, 2890.0], [56616.5, 1000.0], [56611.5, 2000.0], [56610.5, 3000.0], [56609.0, 10000.0], [56608.5, 8170.0], [56607.5, 1810.0], [56607.0, 69820.0], [56606.0, 740.0]]","[[56621.5, 40.0], [56628.0, 3230.0], [56628.5, 3000.0], [56629.0, 2510.0], [56632.5, 530.0], [56636.5, 5000.0], [56637.5, 20000.0], [56639.0, 10010.0], [56641.0, 150.0], [56641.5, 7400.0]]"
143,2021-11-19 10:13:20.541,"[[56621.0, 5000.0], [56608.5, 8170.0], [56607.0, 1890.0], [56605.5, 510.0], [56605.0, 5000.0], [56604.5, 150.0], [56602.5, 16200.0], [56596.5, 90.0], [56596.0, 20000.0], [56595.0, 17060.0]]","[[56621.5, 49060.0], [56623.5, 3000.0], [56627.0, 20.0], [56628.0, 3230.0], [56629.0, 2510.0], [56629.5, 20000.0], [56632.5, 510.0], [56636.0, 3600.0], [56636.5, 50150.0], [56639.0, 14070.0]]"
144,2021-11-19 10:13:20.879,"[[56621.0, 5000.0], [56608.5, 8170.0], [56607.0, 1890.0], [56605.5, 510.0], [56605.0, 5000.0], [56604.5, 150.0], [56602.5, 16200.0], [56596.5, 90.0], [56596.0, 20000.0], [56595.5, 2000.0]]","[[56621.5, 22360.0], [56623.5, 3000.0], [56627.0, 20.0], [56628.0, 3230.0], [56629.0, 2510.0], [56629.5, 20000.0], [56632.5, 510.0], [56636.0, 3600.0], [56636.5, 50150.0], [56639.0, 10010.0]]"
145,2021-11-19 10:13:21.188,"[[56621.0, 5000.0], [56608.5, 8170.0], [56607.0, 1890.0], [56605.5, 510.0], [56605.0, 5000.0], [56604.5, 150.0], [56602.5, 16200.0], [56596.5, 90.0], [56596.0, 20000.0], [56595.5, 2000.0]]","[[56621.5, 22360.0], [56623.5, 3000.0], [56627.0, 20.0], [56628.0, 3230.0], [56629.0, 2510.0], [56629.5, 20000.0], [56632.5, 510.0], [56636.0, 3600.0], [56636.5, 50150.0], [56639.0, 10010.0]]"
146,2021-11-19 10:13:21.539,"[[56609.0, 10000.0], [56607.0, 1890.0], [56605.5, 510.0], [56605.0, 5000.0], [56604.5, 150.0], [56602.5, 16200.0], [56602.0, 10000.0], [56601.5, 8170.0], [56601.0, 2000.0], [56596.5, 90.0]]","[[56621.5, 52360.0], [56623.5, 3000.0], [56627.0, 20.0], [56627.5, 46360.0], [56628.0, 3230.0], [56629.0, 2510.0], [56629.5, 20000.0], [56632.5, 510.0], [56636.0, 3600.0], [56636.5, 150.0]]"
147,2021-11-19 10:13:21.872,"[[56609.5, 20.0], [56607.0, 1890.0], [56605.5, 510.0], [56605.0, 5000.0], [56604.5, 150.0], [56602.0, 10000.0], [56601.5, 8170.0], [56596.5, 90.0], [56596.0, 20000.0], [56595.0, 7060.0]]","[[56610.0, 54180.0], [56619.0, 20.0], [56621.5, 7120.0], [56623.5, 3000.0], [56627.0, 7400.0], [56627.5, 46360.0], [56628.0, 3230.0], [56629.0, 2510.0], [56629.5, 20000.0], [56632.5, 510.0]]"
148,2021-11-19 10:13:22.198,"[[56609.5, 1020.0], [56608.5, 3000.0], [56607.0, 1890.0], [56605.0, 5000.0], [56601.5, 8170.0], [56595.0, 7060.0], [56593.5, 680.0], [56591.5, 19060.0], [56585.0, 15000.0], [56584.0, 9100.0]]","[[56610.0, 109050.0], [56613.0, 20.0], [56614.0, 3600.0], [56614.5, 10.0], [56619.0, 22850.0], [56621.5, 1150.0], [56622.5, 14150.0], [56623.0, 560.0], [56623.5, 3000.0], [56625.0, 50000.0]]"
149,2021-11-19 10:13:22.527,"[[56609.5, 20.0], [56607.0, 1890.0], [56605.0, 1000.0], [56601.5, 8170.0], [56598.5, 510.0], [56595.5, 3000.0], [56595.0, 7060.0], [56593.5, 680.0], [56591.5, 16060.0], [56590.0, 5000.0]]","[[56610.0, 63550.0], [56614.0, 6600.0], [56614.5, 10.0], [56616.5, 5000.0], [56617.0, 20.0], [56618.0, 20000.0], [56619.0, 2850.0], [56621.5, 150.0], [56622.5, 14150.0], [56623.0, 560.0]]"
150,2021-11-19 10:13:22.846,"[[56609.5, 20.0], [56607.0, 1890.0], [56605.0, 1000.0], [56601.5, 8170.0], [56600.0, 3000.0], [56598.5, 510.0], [56595.0, 7060.0], [56593.5, 680.0], [56591.5, 16060.0], [56590.0, 5000.0]]","[[56610.0, 63550.0], [56614.0, 6600.0], [56614.5, 10.0], [56616.5, 5000.0], [56617.0, 20.0], [56618.0, 20000.0], [56619.0, 2850.0], [56621.5, 150.0], [56622.5, 29940.0], [56623.0, 560.0]]"
151,2021-11-19 10:13:23.192,"[[56607.0, 1890.0], [56605.0, 1000.0], [56601.5, 8170.0], [56600.0, 3000.0], [56598.5, 510.0], [56595.0, 7060.0], [56593.5, 680.0], [56591.5, 16060.0], [56590.0, 5000.0], [56589.5, 150.0]]","[[56607.5, 9900.0], [56610.0, 5390.0], [56614.0, 6600.0], [56614.5, 30.0], [56616.5, 51360.0], [56618.0, 20000.0], [56621.5, 150.0], [56622.5, 15790.0], [56623.0, 560.0], [56625.0, 100.0]]"
152,2021-11-19 10:13:23.490,"[[56607.0, 12090.0], [56605.0, 1000.0], [56601.5, 8170.0], [56600.0, 3000.0], [56598.5, 510.0], [56595.0, 7060.0], [56593.5, 680.0], [56591.5, 16060.0], [56591.0, 2000.0], [56590.0, 5000.0]]","[[56607.5, 9910.0], [56610.0, 5390.0], [56614.0, 6600.0], [56614.5, 30.0], [56616.5, 51360.0], [56618.5, 20000.0], [56621.5, 150.0], [56622.5, 15790.0], [56623.0, 560.0], [56625.0, 100.0]]"
153,2021-11-19 10:13:23.853,"[[56607.0, 1890.0], [56605.0, 1000.0], [56601.5, 8170.0], [56600.0, 3000.0], [56598.5, 510.0], [56596.0, 5000.0], [56595.0, 7060.0], [56593.5, 680.0], [56591.5, 16060.0], [56591.0, 2000.0]]","[[56607.5, 14910.0], [56610.0, 5390.0], [56614.0, 6600.0], [56614.5, 30.0], [56616.5, 71360.0], [56621.5, 150.0], [56622.5, 15790.0], [56623.0, 560.0], [56625.0, 100.0], [56629.0, 3010.0]]"
154,2021-11-19 10:13:24.165,"[[56607.0, 1940.0], [56605.0, 1000.0], [56601.5, 8170.0], [56600.0, 3000.0], [56598.5, 510.0], [56596.0, 5000.0], [56595.0, 7060.0], [56593.5, 680.0], [56591.5, 16060.0], [56591.0, 2000.0]]","[[56607.5, 14910.0], [56610.0, 5390.0], [56614.0, 6600.0], [56614.5, 30.0], [56616.5, 71360.0], [56621.5, 150.0], [56622.5, 15790.0], [56623.0, 560.0], [56625.0, 100.0], [56629.0, 3010.0]]"
155,2021-11-19 10:13:24.514,"[[56607.0, 1940.0], [56601.5, 8170.0], [56598.5, 1510.0], [56595.0, 7060.0], [56593.5, 680.0], [56591.5, 16060.0], [56590.0, 3000.0], [56585.0, 150.0], [56584.5, 5000.0], [56582.5, 20000.0]]","[[56607.5, 22910.0], [56610.0, 3000.0], [56610.5, 8590.0], [56613.5, 20000.0], [56614.0, 3600.0], [56614.5, 30.0], [56616.5, 46360.0], [56621.5, 150.0], [56622.5, 65790.0], [56623.0, 560.0]]"
156,2021-11-19 10:13:24.846,"[[56607.0, 1940.0], [56601.5, 8170.0], [56601.0, 1000.0], [56598.5, 510.0], [56595.0, 7060.0], [56594.5, 3000.0], [56593.5, 680.0], [56591.5, 16060.0], [56591.0, 5000.0], [56589.5, 150.0]]","[[56607.5, 22910.0], [56610.0, 3000.0], [56610.5, 3590.0], [56613.5, 20000.0], [56614.0, 3600.0], [56614.5, 30.0], [56616.5, 46360.0], [56617.0, 5000.0], [56621.5, 150.0], [56622.5, 65790.0]]"
157,2021-11-19 10:13:25.172,"[[56607.0, 11940.0], [56601.5, 8170.0], [56601.0, 1000.0], [56598.5, 510.0], [56595.0, 7060.0], [56594.5, 3000.0], [56593.5, 680.0], [56591.5, 16060.0], [56591.0, 5000.0], [56589.5, 150.0]]","[[56607.5, 22910.0], [56610.0, 3000.0], [56610.5, 3590.0], [56613.5, 20000.0], [56614.0, 3600.0], [56614.5, 30.0], [56616.5, 46360.0], [56617.0, 5000.0], [56621.5, 150.0], [56622.5, 65790.0]]"
158,2021-11-19 10:13:25.505,"[[56607.0, 1940.0], [56601.5, 8170.0], [56598.5, 510.0], [56595.0, 7060.0], [56593.5, 680.0], [56591.5, 16060.0], [56591.0, 5000.0], [56589.5, 150.0], [56585.5, 22000.0], [56582.0, 2000.0]]","[[56607.5, 22910.0], [56608.0, 1000.0], [56610.0, 2000.0], [56610.5, 3590.0], [56613.5, 20000.0], [56614.0, 3600.0], [56614.5, 30.0], [56616.5, 46360.0], [56617.0, 5000.0], [56621.5, 150.0]]"
159,2021-11-19 10:13:25.803,"[[56607.0, 11940.0], [56601.5, 8170.0], [56599.5, 3000.0], [56598.5, 510.0], [56597.0, 5000.0], [56595.0, 7060.0], [56593.5, 680.0], [56591.5, 16060.0], [56589.5, 150.0], [56585.5, 20000.0]]","[[56607.5, 19910.0], [56608.0, 1000.0], [56610.0, 2000.0], [56610.5, 3590.0], [56613.5, 20000.0], [56614.0, 6600.0], [56614.5, 30.0], [56616.5, 46360.0], [56617.0, 5000.0], [56621.5, 150.0]]"
160,2021-11-19 10:13:26.151,"[[56607.0, 12940.0], [56604.0, 3000.0], [56601.5, 8170.0], [56598.5, 510.0], [56597.0, 5000.0], [56595.0, 7060.0], [56593.5, 680.0], [56591.5, 16060.0], [56589.5, 150.0], [56588.0, 12000.0]]","[[56607.5, 19910.0], [56610.0, 2000.0], [56610.5, 3590.0], [56611.5, 1000.0], [56613.5, 20000.0], [56614.0, 3600.0], [56614.5, 30.0], [56616.5, 46360.0], [56619.0, 3000.0], [56621.5, 150.0]]"
161,2021-11-19 10:13:26.458,"[[56607.0, 12940.0], [56604.0, 3000.0], [56601.5, 8170.0], [56598.5, 510.0], [56597.0, 5000.0], [56595.0, 9060.0], [56593.5, 680.0], [56591.5, 16060.0], [56589.5, 150.0], [56588.0, 10000.0]]","[[56607.5, 19910.0], [56610.0, 2000.0], [56610.5, 3590.0], [56611.5, 1000.0], [56613.5, 20000.0], [56614.0, 3600.0], [56614.5, 30.0], [56616.5, 46360.0], [56619.0, 3000.0], [56621.5, 150.0]]"
162,2021-11-19 10:13:26.811,"[[56607.0, 2940.0], [56604.0, 3000.0], [56601.5, 8170.0], [56598.5, 510.0], [56597.0, 5000.0], [56595.0, 9060.0], [56593.5, 680.0], [56592.0, 740.0], [56591.5, 16060.0], [56589.5, 150.0]]","[[56607.5, 19910.0], [56610.5, 3590.0], [56613.5, 20000.0], [56614.0, 3600.0], [56614.5, 30.0], [56616.5, 46360.0], [56621.5, 2150.0], [56622.5, 15790.0], [56623.0, 10560.0], [56624.5, 5000.0]]"
163,2021-11-19 10:13:27.135,"[[56607.0, 2940.0], [56604.0, 3000.0], [56601.5, 8170.0], [56598.5, 510.0], [56597.0, 5000.0], [56595.0, 9060.0], [56593.5, 680.0], [56592.0, 740.0], [56591.5, 16060.0], [56589.5, 150.0]]","[[56607.5, 19910.0], [56610.0, 1000.0], [56610.5, 3590.0], [56613.5, 20000.0], [56614.0, 3600.0], [56614.5, 30.0], [56616.5, 46360.0], [56621.5, 2150.0], [56622.5, 15790.0], [56623.0, 10560.0]]"
164,2021-11-19 10:13:27.464,"[[56607.0, 2940.0], [56604.0, 3000.0], [56601.5, 8170.0], [56598.5, 510.0], [56597.0, 5000.0], [56595.0, 9060.0], [56593.5, 680.0], [56592.0, 740.0], [56591.5, 16060.0], [56589.5, 150.0]]","[[56607.5, 19910.0], [56610.0, 1000.0], [56610.5, 3590.0], [56613.5, 20000.0], [56614.0, 3600.0], [56614.5, 30.0], [56616.5, 46360.0], [56621.5, 2150.0], [56622.5, 15790.0], [56623.0, 10560.0]]"
165,2021-11-19 10:13:27.818,"[[56607.0, 30740.0], [56604.0, 3000.0], [56601.5, 8170.0], [56598.5, 510.0], [56597.0, 5000.0], [56595.0, 9060.0], [56593.5, 680.0], [56592.0, 740.0], [56591.5, 16060.0], [56589.5, 150.0]]","[[56607.5, 5010.0], [56610.0, 1000.0], [56610.5, 3590.0], [56613.5, 20000.0], [56614.0, 3600.0], [56614.5, 10.0], [56616.5, 46360.0], [56619.5, 20.0], [56621.5, 2150.0], [56622.5, 15790.0]]"
166,2021-11-19 10:13:28.120,"[[56607.0, 30740.0], [56604.0, 3000.0], [56601.5, 8170.0], [56598.5, 510.0], [56597.0, 5000.0], [56596.5, 2000.0], [56595.0, 9060.0], [56593.5, 680.0], [56592.0, 740.0], [56591.5, 16060.0]]","[[56607.5, 10.0], [56610.5, 3590.0], [56613.0, 1000.0], [56614.5, 10.0], [56615.0, 3000.0], [56616.5, 46360.0], [56618.0, 20.0], [56618.5, 20000.0], [56621.5, 2000.0], [56622.0, 3600.0]]"
167,2021-11-19 10:13:28.480,"[[56607.0, 83340.0], [56604.0, 3000.0], [56601.5, 8170.0], [56598.5, 510.0], [56597.0, 5000.0], [56596.5, 2000.0], [56595.0, 19060.0], [56593.5, 680.0], [56592.0, 740.0], [56591.5, 16060.0]]","[[56607.5, 10.0], [56610.5, 3590.0], [56613.0, 1000.0], [56614.5, 10.0], [56615.0, 3000.0], [56616.5, 46360.0], [56618.0, 20.0], [56618.5, 20000.0], [56621.5, 2000.0], [56622.0, 3600.0]]"
168,2021-11-19 10:13:28.792,"[[56621.0, 109930.0], [56615.0, 96150.0], [56614.5, 84670.0], [56613.0, 1580.0], [56612.5, 2000.0], [56609.5, 20000.0], [56607.0, 1890.0], [56606.5, 2000.0], [56604.0, 3100.0], [56601.5, 8170.0]]","[[56621.5, 3630.0], [56622.5, 15790.0], [56623.5, 20000.0], [56624.5, 5000.0], [56628.0, 2000.0], [56630.5, 14150.0], [56632.5, 46360.0], [56635.5, 5000.0], [56636.5, 10000.0], [56638.5, 2000.0]]"
169,2021-11-19 10:13:29.110,"[[56622.0, 133990.0], [56621.0, 2000.0], [56618.5, 2000.0], [56617.0, 2000.0], [56613.0, 100.0], [56612.0, 3000.0], [56608.5, 8170.0], [56607.0, 4440.0], [56606.5, 23750.0], [56605.0, 79410.0]]","[[56622.5, 15790.0], [56624.5, 5000.0], [56628.0, 5630.0], [56632.0, 20.0], [56634.5, 46360.0], [56638.0, 14150.0], [56638.5, 7000.0], [56639.0, 10010.0], [56641.5, 10000.0], [56643.0, 20000.0]]"
170,2021-11-19 10:13:29.468,"[[56627.5, 18720.0], [56620.5, 3000.0], [56620.0, 5000.0], [56615.5, 8170.0], [56611.5, 150.0], [56610.0, 17000.0], [56609.0, 10000.0], [56607.5, 16960.0], [56607.0, 4440.0], [56605.5, 5590.0]]","[[56628.0, 7000.0], [56630.0, 1000.0], [56634.5, 3630.0], [56635.5, 3000.0], [56636.0, 20000.0], [56637.0, 20.0], [56638.0, 14150.0], [56638.5, 2510.0], [56639.0, 10010.0], [56641.5, 10000.0]]"
171,2021-11-19 10:13:29.797,"[[56627.5, 18700.0], [56624.5, 3000.0], [56620.0, 5000.0], [56615.5, 8170.0], [56613.0, 2000.0], [56611.5, 150.0], [56610.0, 15000.0], [56607.5, 16960.0], [56607.0, 4440.0], [56605.5, 5590.0]]","[[56628.0, 7000.0], [56633.0, 1000.0], [56634.5, 3630.0], [56635.5, 3000.0], [56636.0, 20000.0], [56637.0, 20.0], [56638.0, 14150.0], [56638.5, 2510.0], [56639.0, 10010.0], [56643.5, 32040.0]]"
172,2021-11-19 10:13:30.043,"[[56627.5, 18700.0], [56620.0, 5000.0], [56619.5, 3000.0], [56615.5, 8170.0], [56613.0, 2000.0], [56611.5, 150.0], [56607.5, 16960.0], [56607.0, 4440.0], [56605.5, 5590.0], [56605.0, 79410.0]]","[[56628.0, 7000.0], [56629.5, 1000.0], [56634.5, 3630.0], [56635.5, 3000.0], [56636.0, 20000.0], [56637.0, 20.0], [56638.0, 14300.0], [56638.5, 2510.0], [56639.0, 10010.0], [56643.0, 5000.0]]"
173,2021-11-19 10:13:30.460,"[[56627.5, 12030.0], [56624.5, 1000.0], [56619.5, 3000.0], [56615.5, 8170.0], [56613.0, 7000.0], [56611.5, 150.0], [56610.0, 2000.0], [56609.0, 10000.0], [56607.0, 4440.0], [56605.5, 5590.0]]","[[56628.0, 63550.0], [56629.5, 1000.0], [56634.5, 3630.0], [56635.0, 20.0], [56635.5, 3000.0], [56636.0, 20000.0], [56638.0, 19300.0], [56638.5, 2510.0], [56639.0, 10010.0], [56643.5, 32040.0]]"
174,2021-11-19 10:13:30.780,"[[56627.5, 2030.0], [56615.5, 8170.0], [56607.0, 1890.0], [56602.0, 1370.0], [56601.5, 150.0], [56600.5, 15000.0], [56598.5, 510.0], [56595.0, 7060.0], [56593.5, 40490.0], [56592.5, 19810.0]]","[[56628.0, 83550.0], [56629.5, 1000.0], [56633.0, 170.0], [56637.5, 3470.0], [56638.0, 18260.0], [56638.5, 2610.0], [56639.0, 10010.0], [56642.5, 16610.0], [56643.5, 32040.0], [56644.0, 56360.0]]"
175,2021-11-19 10:13:31.064,"[[56627.5, 2030.0], [56626.5, 1000.0], [56615.5, 8170.0], [56614.0, 5000.0], [56607.0, 1890.0], [56602.0, 1370.0], [56601.5, 150.0], [56600.5, 15000.0], [56598.5, 510.0], [56597.0, 20000.0]]","[[56628.0, 39350.0], [56630.0, 20000.0], [56633.0, 20.0], [56638.0, 18260.0], [56638.5, 2760.0], [56639.0, 13480.0], [56639.5, 3000.0], [56643.0, 5000.0], [56643.5, 32040.0], [56644.0, 46360.0]]"
176,2021-11-19 10:13:31.403,"[[56627.5, 2030.0], [56626.5, 1000.0], [56625.0, 3000.0], [56615.5, 8170.0], [56614.0, 5000.0], [56607.0, 1890.0], [56602.0, 11370.0], [56601.5, 150.0], [56600.5, 15000.0], [56598.5, 510.0]]","[[56628.0, 45650.0], [56630.0, 20000.0], [56631.5, 1000.0], [56633.0, 20.0], [56635.5, 3000.0], [56638.0, 18260.0], [56638.5, 2760.0], [56639.0, 13480.0], [56643.0, 5000.0], [56643.5, 32040.0]]"
177,2021-11-19 10:13:31.774,"[[56627.5, 2030.0], [56626.5, 1000.0], [56625.0, 3000.0], [56615.5, 8170.0], [56614.0, 7000.0], [56607.0, 1890.0], [56603.5, 16010.0], [56603.0, 2000.0], [56602.0, 11370.0], [56601.5, 150.0]]","[[56628.0, 39350.0], [56630.0, 23470.0], [56631.5, 1000.0], [56633.0, 20.0], [56635.5, 3000.0], [56638.0, 18260.0], [56638.5, 2760.0], [56639.0, 10010.0], [56643.0, 5000.0], [56643.5, 32040.0]]"
178,2021-11-19 10:13:32.088,"[[56627.5, 2030.0], [56626.5, 1000.0], [56625.0, 3000.0], [56615.5, 8170.0], [56614.0, 7000.0], [56607.0, 1890.0], [56606.5, 2000.0], [56606.0, 150.0], [56603.5, 16010.0], [56602.0, 18770.0]]","[[56628.0, 39350.0], [56629.5, 1000.0], [56630.0, 23470.0], [56633.0, 20.0], [56635.5, 3000.0], [56638.0, 18260.0], [56638.5, 2760.0], [56639.0, 10010.0], [56643.0, 5000.0], [56643.5, 32040.0]]"
179,2021-11-19 10:13:32.431,"[[56627.5, 2030.0], [56626.5, 1000.0], [56625.0, 3000.0], [56615.5, 8170.0], [56614.0, 7000.0], [56607.0, 1890.0], [56606.5, 2000.0], [56606.0, 150.0], [56604.5, 19810.0], [56604.0, 20000.0]]","[[56628.0, 39350.0], [56629.5, 1000.0], [56630.0, 23470.0], [56633.0, 20.0], [56635.5, 3000.0], [56638.0, 18260.0], [56638.5, 2660.0], [56639.0, 10010.0], [56643.5, 32040.0], [56644.0, 46360.0]]"
180,2021-11-19 10:13:32.761,"[[56627.5, 2030.0], [56626.5, 1000.0], [56625.0, 3000.0], [56615.5, 8170.0], [56614.0, 7000.0], [56607.0, 1890.0], [56606.5, 2000.0], [56606.0, 150.0], [56603.5, 16100.0], [56603.0, 20000.0]]","[[56628.0, 39350.0], [56629.0, 20000.0], [56629.5, 1000.0], [56633.0, 20.0], [56635.5, 3000.0], [56638.0, 18260.0], [56638.5, 2660.0], [56639.0, 10010.0], [56643.5, 32040.0], [56644.0, 46360.0]]"
181,2021-11-19 10:13:33.094,"[[56627.5, 2030.0], [56626.5, 1000.0], [56625.0, 3000.0], [56622.0, 510.0], [56615.5, 8170.0], [56614.0, 7000.0], [56610.5, 2000.0], [56609.0, 10000.0], [56607.0, 1890.0], [56606.0, 150.0]]","[[56628.0, 39350.0], [56629.0, 20000.0], [56629.5, 1000.0], [56633.0, 20.0], [56635.5, 3000.0], [56638.0, 18260.0], [56638.5, 2660.0], [56639.0, 10010.0], [56643.5, 32040.0], [56644.0, 46360.0]]"
182,2021-11-19 10:13:33.417,"[[56627.5, 2030.0], [56626.5, 1000.0], [56625.0, 3000.0], [56622.0, 510.0], [56615.5, 8170.0], [56614.0, 7000.0], [56610.5, 2000.0], [56609.0, 10000.0], [56607.0, 1890.0], [56606.0, 20150.0]]","[[56628.0, 39350.0], [56629.0, 20000.0], [56629.5, 1000.0], [56633.0, 20.0], [56635.5, 3000.0], [56638.0, 18260.0], [56638.5, 2660.0], [56639.0, 10010.0], [56643.5, 32040.0], [56644.0, 46360.0]]"
183,2021-11-19 10:13:33.752,"[[56635.0, 140760.0], [56634.5, 20.0], [56629.5, 13300.0], [56629.0, 70200.0], [56627.5, 2000.0], [56625.0, 3000.0], [56622.0, 2510.0], [56620.5, 7060.0], [56616.5, 100.0], [56616.0, 740.0]]","[[56638.0, 14150.0], [56641.0, 10.0], [56643.5, 15430.0], [56644.0, 46360.0], [56645.5, 5000.0], [56648.0, 20.0], [56650.0, 3600.0], [56650.5, 26810.0], [56654.0, 12400.0], [56654.5, 113950.0]]"
184,2021-11-19 10:13:34.083,"[[56656.0, 5670.0], [56644.0, 12800.0], [56643.0, 8500.0], [56638.5, 80200.0], [56638.0, 19150.0], [56637.5, 73460.0], [56634.0, 20.0], [56631.5, 2000.0], [56627.5, 1000.0], [56625.0, 3000.0]]","[[56658.0, 20000.0], [56659.5, 11040.0], [56660.5, 3470.0], [56661.0, 7400.0], [56661.5, 44780.0], [56662.0, 30410.0], [56663.5, 9100.0], [56664.0, 16640.0], [56664.5, 200.0], [56665.0, 10000.0]]"
185,2021-11-19 10:13:34.384,"[[56659.0, 88720.0], [56657.5, 88850.0], [56657.0, 510.0], [56655.0, 7060.0], [56650.5, 36850.0], [56649.0, 2000.0], [56647.5, 20.0], [56646.5, 7120.0], [56644.0, 12800.0], [56643.5, 85200.0]]","[[56659.5, 38040.0], [56660.0, 2000.0], [56666.0, 3000.0], [56666.5, 3600.0], [56672.0, 2000.0], [56673.0, 1070.0], [56674.5, 50250.0], [56675.0, 200.0], [56676.5, 3470.0], [56682.5, 93840.0]]"
186,2021-11-19 10:13:34.752,"[[56665.0, 66120.0], [56661.5, 10000.0], [56659.5, 4330.0], [56659.0, 99020.0], [56658.0, 30.0], [56657.5, 9550.0], [56657.0, 510.0], [56655.0, 7060.0], [56654.0, 3600.0], [56653.5, 20.0]]","[[56665.5, 10000.0], [56666.0, 3000.0], [56672.0, 5220.0], [56674.5, 42850.0], [56678.0, 14160.0], [56679.0, 7400.0], [56682.5, 93840.0], [56683.0, 20000.0], [56686.0, 3000.0], [56690.5, 7000.0]]"
187,2021-11-19 10:13:35.084,"[[56671.5, 2890.0], [56665.0, 44040.0], [56663.5, 1000.0], [56663.0, 3000.0], [56662.5, 5000.0], [56659.5, 12080.0], [56659.0, 5700.0], [56658.5, 20.0], [56657.0, 510.0], [56656.0, 90.0]]","[[56672.0, 5220.0], [56674.5, 42850.0], [56676.0, 510.0], [56685.5, 20000.0], [56686.0, 3000.0], [56689.5, 100.0], [56690.5, 7000.0], [56692.5, 14170.0], [56694.0, 1310.0], [56694.5, 10000.0]]"
188,2021-11-19 10:13:35.414,"[[56658.5, 10.0], [56656.0, 90.0], [56653.5, 3600.0], [56653.0, 2000.0], [56648.5, 1370.0], [56645.5, 16200.0], [56644.0, 7400.0], [56643.5, 70200.0], [56635.0, 740.0], [56634.0, 9490.0]]","[[56659.0, 31850.0], [56659.5, 2780.0], [56662.5, 70200.0], [56663.0, 4230.0], [56668.0, 10.0], [56671.0, 1910.0], [56671.5, 68190.0], [56672.0, 54770.0], [56674.0, 20000.0], [56676.0, 510.0]]"
189,2021-11-19 10:13:35.744,"[[56639.0, 3600.0], [56631.5, 7060.0], [56629.5, 8170.0], [56628.0, 150.0], [56627.5, 1000.0], [56626.5, 3000.0], [56625.5, 1370.0], [56624.0, 5590.0], [56623.0, 10000.0], [56622.5, 20000.0]]","[[56647.0, 4170.0], [56657.5, 1000.0], [56659.0, 141280.0], [56659.5, 17330.0], [56662.5, 74190.0], [56663.5, 30.0], [56665.5, 19270.0], [56668.0, 50000.0], [56671.0, 13160.0], [56671.5, 3370.0]]"
190,2021-11-19 10:13:36.072,"[[56646.0, 2890.0], [56631.5, 7570.0], [56629.5, 8170.0], [56628.0, 150.0], [56627.5, 1000.0], [56624.0, 3600.0], [56622.0, 20000.0], [56620.5, 15860.0], [56620.0, 2000.0], [56618.5, 27220.0]]","[[56646.5, 42350.0], [56647.0, 4170.0], [56650.0, 3220.0], [56654.0, 20.0], [56657.5, 1000.0], [56658.0, 3000.0], [56658.5, 5000.0], [56659.0, 70710.0], [56660.0, 150.0], [56661.0, 5000.0]]"
191,2021-11-19 10:13:36.400,"[[56646.0, 2920.0], [56631.5, 7570.0], [56629.5, 8170.0], [56628.0, 150.0], [56627.5, 1000.0], [56626.0, 20000.0], [56624.0, 3600.0], [56621.0, 100.0], [56620.5, 17230.0], [56620.0, 2000.0]]","[[56646.5, 47350.0], [56654.0, 20.0], [56659.0, 70710.0], [56660.0, 46510.0], [56661.0, 5000.0], [56662.5, 90200.0], [56664.0, 10010.0], [56665.5, 16620.0], [56666.5, 200.0], [56668.0, 90.0]]"
192,2021-11-19 10:13:36.735,"[[56646.0, 2920.0], [56645.0, 1000.0], [56642.0, 3000.0], [56636.0, 5000.0], [56634.5, 800.0], [56631.5, 7570.0], [56631.0, 2000.0], [56629.5, 10170.0], [56628.0, 150.0], [56627.5, 1000.0]]","[[56646.5, 47350.0], [56651.0, 1000.0], [56653.5, 3000.0], [56654.0, 20.0], [56659.0, 70710.0], [56660.0, 46360.0], [56661.0, 5000.0], [56662.5, 90200.0], [56664.0, 10010.0], [56665.5, 16620.0]]"
193,2021-11-19 10:13:37.065,"[[56658.0, 2890.0], [56647.5, 6610.0], [56646.0, 30.0], [56639.5, 800.0], [56632.5, 2000.0], [56631.5, 7570.0], [56629.5, 580.0], [56629.0, 740.0], [56628.0, 150.0], [56627.5, 1000.0]]","[[56658.5, 22330.0], [56659.0, 510.0], [56664.0, 10010.0], [56665.5, 20.0], [56667.5, 20000.0], [56670.0, 15920.0], [56670.5, 16550.0], [56671.0, 3600.0], [56671.5, 46360.0], [56672.0, 2000.0]]"
194,2021-11-19 10:13:37.394,"[[56658.0, 3920.0], [56653.5, 3000.0], [56647.5, 6610.0], [56635.0, 150.0], [56634.5, 20000.0], [56633.5, 90.0], [56632.5, 2000.0], [56632.0, 3600.0], [56631.5, 7570.0], [56629.5, 1380.0]]","[[56658.5, 50130.0], [56659.0, 510.0], [56664.0, 11010.0], [56665.5, 20.0], [56667.5, 20000.0], [56670.5, 16550.0], [56671.5, 46360.0], [56672.0, 2000.0], [56675.5, 240.0], [56676.0, 510.0]]"
195,2021-11-19 10:13:37.712,"[[56658.0, 3920.0], [56653.5, 3000.0], [56648.0, 5000.0], [56647.5, 6610.0], [56644.0, 10000.0], [56635.5, 15420.0], [56635.0, 150.0], [56633.5, 2090.0], [56632.5, 17000.0], [56632.0, 11580.0]]","[[56658.5, 50130.0], [56659.0, 510.0], [56664.0, 11010.0], [56665.5, 20.0], [56667.5, 20000.0], [56670.0, 3000.0], [56670.5, 16550.0], [56671.5, 46360.0], [56672.0, 2000.0], [56675.5, 5240.0]]"
196,2021-11-19 10:13:38.031,"[[56658.0, 3920.0], [56653.5, 3000.0], [56648.0, 5000.0], [56647.5, 6610.0], [56645.0, 2000.0], [56644.0, 10000.0], [56638.0, 2000.0], [56635.5, 15420.0], [56635.0, 150.0], [56634.0, 15940.0]]","[[56658.5, 50130.0], [56659.0, 510.0], [56664.0, 11010.0], [56665.5, 20.0], [56667.5, 20000.0], [56670.0, 3150.0], [56670.5, 16550.0], [56671.5, 46360.0], [56672.0, 2000.0], [56675.5, 21710.0]]"
197,2021-11-19 10:13:38.377,"[[56658.0, 2920.0], [56655.0, 1000.0], [56650.5, 3000.0], [56648.0, 5000.0], [56647.5, 6610.0], [56645.0, 4000.0], [56644.0, 10000.0], [56638.5, 800.0], [56635.5, 15420.0], [56635.0, 150.0]]","[[56658.5, 59330.0], [56664.0, 10010.0], [56665.0, 3000.0], [56665.5, 20.0], [56667.0, 510.0], [56667.5, 20000.0], [56670.5, 16550.0], [56671.5, 46360.0], [56672.0, 2000.0], [56675.0, 150.0]]"
198,2021-11-19 10:13:38.717,"[[56658.0, 3920.0], [56650.5, 3000.0], [56648.0, 5000.0], [56647.5, 6610.0], [56644.0, 10000.0], [56642.0, 2000.0], [56640.5, 2000.0], [56638.5, 800.0], [56635.5, 15420.0], [56635.0, 150.0]]","[[56658.5, 50130.0], [56660.5, 1000.0], [56664.0, 10010.0], [56665.0, 3000.0], [56665.5, 20.0], [56667.0, 510.0], [56667.5, 20000.0], [56670.0, 150.0], [56670.5, 16550.0], [56671.5, 46360.0]]"
199,2021-11-19 10:13:39.015,"[[56658.0, 3920.0], [56650.5, 3000.0], [56648.0, 5000.0], [56647.5, 6610.0], [56644.0, 10000.0], [56642.0, 2000.0], [56640.5, 2000.0], [56638.5, 800.0], [56635.5, 15420.0], [56635.0, 150.0]]","[[56658.5, 50130.0], [56660.5, 1000.0], [56664.0, 10010.0], [56665.0, 3000.0], [56665.5, 20.0], [56667.0, 510.0], [56667.5, 20000.0], [56670.0, 150.0], [56670.5, 16550.0], [56671.5, 46360.0]]"
200,2021-11-19 10:13:39.346,"[[56658.0, 3920.0], [56650.5, 3000.0], [56648.0, 5000.0], [56647.5, 6610.0], [56647.0, 800.0], [56644.0, 10000.0], [56642.0, 2000.0], [56640.5, 2000.0], [56635.5, 15420.0], [56635.0, 150.0]]","[[56658.5, 50130.0], [56660.5, 1000.0], [56664.0, 10010.0], [56665.0, 3000.0], [56665.5, 20.0], [56667.0, 510.0], [56667.5, 20000.0], [56670.0, 150.0], [56670.5, 16550.0], [56671.5, 46360.0]]"
201,2021-11-19 10:13:39.692,"[[56658.0, 3920.0], [56655.5, 3000.0], [56647.5, 6610.0], [56644.0, 10000.0], [56643.5, 2000.0], [56643.0, 800.0], [56640.5, 2000.0], [56636.0, 7390.0], [56635.5, 35420.0], [56635.0, 150.0]]","[[56658.5, 35130.0], [56664.0, 10010.0], [56665.5, 20.0], [56667.0, 510.0], [56667.5, 20000.0], [56670.0, 150.0], [56670.5, 16550.0], [56671.5, 46360.0], [56672.0, 5000.0], [56675.5, 21710.0]]"
202,2021-11-19 10:13:40.032,"[[56658.0, 8920.0], [56655.5, 3000.0], [56654.5, 5000.0], [56648.5, 2000.0], [56647.5, 6610.0], [56644.0, 10000.0], [56642.0, 15000.0], [56641.5, 800.0], [56640.5, 20000.0], [56635.5, 15420.0]]","[[56658.5, 12780.0], [56665.5, 20.0], [56667.0, 510.0], [56667.5, 21000.0], [56670.5, 16550.0], [56671.5, 46360.0], [56672.0, 2000.0], [56673.5, 3000.0], [56675.5, 16710.0], [56676.0, 510.0]]"
203,2021-11-19 10:13:40.366,"[[56658.0, 27830.0], [56655.5, 3000.0], [56654.5, 5000.0], [56651.0, 2000.0], [56647.5, 6610.0], [56644.0, 10000.0], [56642.5, 15610.0], [56642.0, 15000.0], [56640.5, 20000.0], [56636.5, 800.0]]","[[56658.5, 2780.0], [56667.0, 510.0], [56667.5, 1000.0], [56668.5, 20.0], [56670.5, 16550.0], [56672.0, 2000.0], [56672.5, 20000.0], [56673.5, 3000.0], [56676.0, 510.0], [56677.5, 12550.0]]"
204,2021-11-19 10:13:40.698,"[[56658.0, 28830.0], [56655.5, 3000.0], [56651.5, 2000.0], [56648.0, 5000.0], [56647.5, 6610.0], [56644.0, 10000.0], [56643.0, 150.0], [56642.5, 15610.0], [56638.5, 2000.0], [56636.5, 800.0]]","[[56658.5, 2780.0], [56667.0, 510.0], [56668.5, 20.0], [56669.0, 3000.0], [56670.5, 16550.0], [56672.0, 2000.0], [56675.5, 100.0], [56676.0, 510.0], [56677.5, 12550.0], [56678.0, 49960.0]]"
205,2021-11-19 10:13:40.975,"[[56658.0, 28830.0], [56655.5, 3000.0], [56648.0, 5000.0], [56647.5, 6610.0], [56645.5, 2000.0], [56644.0, 10000.0], [56643.0, 150.0], [56642.5, 15610.0], [56636.0, 580.0], [56635.5, 15420.0]]","[[56658.5, 2780.0], [56667.0, 510.0], [56668.5, 20.0], [56669.0, 3000.0], [56670.5, 16550.0], [56672.0, 2000.0], [56672.5, 20000.0], [56675.5, 100.0], [56676.0, 510.0], [56677.5, 12550.0]]"
206,2021-11-19 10:13:41.354,"[[56666.5, 2920.0], [56664.0, 1000.0], [56661.0, 3000.0], [56655.5, 3000.0], [56648.5, 2000.0], [56647.5, 6610.0], [56644.0, 10000.0], [56643.0, 150.0], [56641.5, 15000.0], [56639.5, 20000.0]]","[[56667.0, 30640.0], [56672.0, 2000.0], [56672.5, 20000.0], [56674.5, 3020.0], [56676.0, 510.0], [56677.5, 150.0], [56678.0, 49960.0], [56680.0, 10000.0], [56684.0, 14100.0], [56684.5, 24070.0]]"
207,2021-11-19 10:13:41.684,"[[56666.5, 30.0], [56664.0, 1000.0], [56661.0, 3000.0], [56655.5, 3000.0], [56654.0, 2000.0], [56647.5, 6610.0], [56644.0, 10000.0], [56643.0, 150.0], [56641.5, 15000.0], [56639.5, 20000.0]]","[[56667.0, 30640.0], [56672.0, 2000.0], [56674.5, 3020.0], [56675.5, 20000.0], [56676.0, 510.0], [56677.5, 150.0], [56678.0, 49960.0], [56680.0, 10000.0], [56683.5, 15730.0], [56684.0, 5000.0]]"
208,2021-11-19 10:13:42.020,"[[56666.5, 30.0], [56664.0, 1000.0], [56661.0, 3000.0], [56657.0, 2000.0], [56655.5, 3000.0], [56647.5, 6610.0], [56644.0, 10000.0], [56643.0, 150.0], [56642.5, 22000.0], [56641.5, 15000.0]]","[[56667.0, 30640.0], [56672.0, 2000.0], [56674.5, 1020.0], [56676.0, 510.0], [56677.0, 3000.0], [56677.5, 20150.0], [56678.0, 49960.0], [56680.0, 10000.0], [56683.5, 15730.0], [56684.0, 5000.0]]"
209,2021-11-19 10:13:42.353,"[[56666.5, 30.0], [56664.0, 1000.0], [56661.0, 3000.0], [56656.0, 510.0], [56655.5, 3000.0], [56654.5, 2000.0], [56647.5, 6610.0], [56646.5, 800.0], [56644.5, 15770.0], [56644.0, 10000.0]]","[[56667.0, 66830.0], [56672.0, 3000.0], [56674.5, 20.0], [56676.0, 510.0], [56677.0, 3000.0], [56677.5, 20510.0], [56678.0, 46360.0], [56680.0, 10000.0], [56682.5, 350.0], [56683.5, 15730.0]]"
210,2021-11-19 10:13:42.665,"[[56666.5, 30.0], [56664.0, 1000.0], [56661.0, 3000.0], [56656.0, 510.0], [56655.5, 3000.0], [56654.5, 2000.0], [56647.5, 6610.0], [56646.5, 800.0], [56644.5, 15770.0], [56644.0, 10000.0]]","[[56667.0, 66830.0], [56672.0, 3000.0], [56674.5, 20.0], [56676.0, 510.0], [56677.0, 3000.0], [56677.5, 20510.0], [56678.0, 46360.0], [56680.0, 10000.0], [56682.5, 350.0], [56683.5, 15730.0]]"
211,2021-11-19 10:13:42.931,"[[56666.5, 30.0], [56664.0, 1000.0], [56661.0, 3000.0], [56656.0, 510.0], [56655.5, 3000.0], [56654.5, 2000.0], [56647.5, 6610.0], [56646.5, 800.0], [56645.0, 16270.0], [56644.5, 15770.0]]","[[56667.0, 66830.0], [56672.0, 3000.0], [56674.5, 20.0], [56676.0, 510.0], [56677.0, 3000.0], [56677.5, 20510.0], [56678.0, 46360.0], [56680.0, 10000.0], [56682.5, 350.0], [56683.5, 15730.0]]"
212,2021-11-19 10:13:43.342,"[[56666.5, 30.0], [56664.0, 1000.0], [56661.0, 3000.0], [56656.0, 510.0], [56655.5, 3000.0], [56654.5, 2000.0], [56647.5, 6610.0], [56646.5, 800.0], [56645.0, 16270.0], [56644.5, 15770.0]]","[[56667.0, 66830.0], [56672.0, 3000.0], [56674.5, 20.0], [56676.0, 510.0], [56677.0, 3000.0], [56677.5, 20510.0], [56680.0, 10000.0], [56682.5, 150.0], [56683.5, 15930.0], [56684.0, 8000.0]]"
213,2021-11-19 10:13:43.660,"[[56656.5, 2000.0], [56656.0, 3000.0], [56654.5, 6610.0], [56645.5, 800.0], [56645.0, 16270.0], [56644.0, 10000.0], [56643.0, 150.0], [56642.5, 2000.0], [56641.5, 15000.0], [56640.0, 2000.0]]","[[56657.0, 31670.0], [56664.5, 156130.0], [56666.5, 20.0], [56672.0, 5000.0], [56675.5, 20000.0], [56676.0, 510.0], [56677.5, 510.0], [56678.0, 5000.0], [56680.0, 10000.0], [56682.5, 150.0]]"
214,2021-11-19 10:13:44.004,"[[56644.0, 15000.0], [56641.5, 510.0], [56640.5, 6610.0], [56636.0, 150.0], [56635.5, 15420.0], [56633.0, 2000.0], [56631.5, 7060.0], [56629.5, 16060.0], [56629.0, 740.0], [56628.0, 540.0]]","[[56644.5, 5560.0], [56648.5, 70100.0], [56651.0, 20.0], [56651.5, 20.0], [56656.5, 70100.0], [56657.0, 77100.0], [56659.0, 1000.0], [56663.5, 10210.0], [56664.0, 3340.0], [56664.5, 90100.0]]"
215,2021-11-19 10:13:44.336,"[[56635.5, 20020.0], [56633.5, 6610.0], [56629.0, 740.0], [56627.5, 1000.0], [56626.0, 150.0], [56620.5, 3370.0], [56619.0, 800.0], [56618.5, 560.0], [56617.5, 7390.0], [56617.0, 30410.0]]","[[56636.0, 2780.0], [56643.0, 20.0], [56645.0, 20.0], [56648.5, 70100.0], [56649.0, 1510.0], [56652.0, 510.0], [56653.5, 3000.0], [56656.0, 7400.0], [56656.5, 70100.0], [56657.0, 77190.0]]"
216,2021-11-19 10:13:44.645,"[[56635.5, 21020.0], [56633.5, 6610.0], [56633.0, 3000.0], [56629.0, 5000.0], [56628.0, 800.0], [56627.5, 1000.0], [56626.0, 660.0], [56623.5, 2000.0], [56623.0, 10000.0], [56620.5, 3370.0]]","[[56636.0, 2780.0], [56644.0, 1000.0], [56645.0, 20.0], [56648.5, 70100.0], [56649.0, 3510.0], [56651.0, 20000.0], [56652.0, 510.0], [56654.5, 150.0], [56656.0, 7400.0], [56656.5, 70100.0]]"
217,2021-11-19 10:13:44.996,"[[56651.5, 20780.0], [56642.5, 800.0], [56638.0, 3000.0], [56633.5, 6610.0], [56627.5, 1000.0], [56626.0, 660.0], [56624.0, 3600.0], [56622.5, 177130.0], [56622.0, 3000.0], [56620.5, 2000.0]]","[[56654.0, 3000.0], [56659.5, 5510.0], [56661.0, 20.0], [56661.5, 20000.0], [56662.0, 15480.0], [56662.5, 16290.0], [56663.0, 4110.0], [56663.5, 15010.0], [56666.5, 10000.0], [56667.0, 15530.0]]"
218,2021-11-19 10:13:45.324,"[[56659.0, 63890.0], [56653.5, 35670.0], [56650.5, 510.0], [56641.5, 800.0], [56640.5, 6610.0], [56637.0, 10000.0], [56632.5, 150.0], [56632.0, 21370.0], [56629.5, 2000.0], [56627.5, 178130.0]]","[[56659.5, 510.0], [56663.0, 510.0], [56663.5, 10010.0], [56665.0, 20000.0], [56668.5, 150.0], [56670.0, 10000.0], [56670.5, 3690.0], [56671.0, 600.0], [56671.5, 20.0], [56672.0, 2000.0]]"
219,2021-11-19 10:13:45.655,"[[56662.5, 13230.0], [56650.5, 510.0], [56647.5, 6610.0], [56645.5, 2000.0], [56640.5, 150.0], [56635.5, 800.0], [56634.5, 10990.0], [56634.0, 177130.0], [56633.0, 90.0], [56632.0, 1370.0]]","[[56663.0, 82420.0], [56663.5, 10010.0], [56667.0, 510.0], [56670.0, 10000.0], [56670.5, 20.0], [56671.5, 510.0], [56672.0, 2000.0], [56674.5, 20000.0], [56676.5, 150.0], [56678.0, 50000.0]]"
220,2021-11-19 10:13:45.965,"[[56662.5, 340.0], [56650.5, 510.0], [56647.5, 6610.0], [56640.5, 150.0], [56640.0, 2000.0], [56635.5, 800.0], [56634.5, 3600.0], [56633.0, 90.0], [56632.0, 1370.0], [56630.5, 540.0]]","[[56663.0, 102420.0], [56663.5, 10010.0], [56667.0, 510.0], [56667.5, 20.0], [56669.0, 150.0], [56670.0, 10000.0], [56671.5, 510.0], [56672.0, 52000.0], [56677.5, 100.0], [56680.0, 16620.0]]"
221,2021-11-19 10:13:46.316,"[[56662.5, 340.0], [56650.5, 510.0], [56647.5, 6610.0], [56640.5, 150.0], [56636.0, 2000.0], [56634.5, 3600.0], [56633.0, 90.0], [56632.0, 1370.0], [56630.5, 16470.0], [56630.0, 10800.0]]","[[56663.0, 112920.0], [56663.5, 10010.0], [56667.0, 510.0], [56667.5, 20.0], [56669.0, 150.0], [56670.0, 10000.0], [56671.5, 5510.0], [56672.0, 52000.0], [56677.5, 100.0], [56680.0, 25210.0]]"
222,2021-11-19 10:13:46.561,"[[56662.5, 340.0], [56650.5, 510.0], [56647.5, 6610.0], [56640.5, 150.0], [56639.0, 2000.0], [56634.5, 3600.0], [56633.0, 90.0], [56632.0, 1370.0], [56630.5, 16470.0], [56630.0, 10800.0]]","[[56663.0, 112920.0], [56663.5, 10010.0], [56667.0, 510.0], [56667.5, 20.0], [56669.0, 150.0], [56670.0, 10000.0], [56671.5, 5510.0], [56672.0, 52000.0], [56677.5, 100.0], [56680.0, 25210.0]]"
223,2021-11-19 10:13:46.976,"[[56650.5, 51650.0], [56647.0, 3000.0], [56642.0, 5000.0], [56640.5, 6610.0], [56639.5, 510.0], [56631.5, 150.0], [56630.5, 2000.0], [56629.5, 7390.0], [56629.0, 32070.0], [56628.5, 15000.0]]","[[56651.0, 4190.0], [56653.5, 20000.0], [56656.5, 1000.0], [56657.5, 20.0], [56662.5, 14160.0], [56663.0, 70100.0], [56663.5, 10010.0], [56664.0, 100.0], [56665.0, 53600.0], [56666.5, 3000.0]]"
224,2021-11-19 10:13:47.307,"[[56650.5, 60650.0], [56640.5, 6610.0], [56639.5, 510.0], [56634.5, 150.0], [56630.0, 10000.0], [56629.0, 23320.0], [56628.5, 35000.0], [56627.5, 1000.0], [56626.0, 21820.0], [56625.5, 3600.0]]","[[56651.0, 20.0], [56662.0, 20.0], [56663.0, 27120.0], [56663.5, 30010.0], [56667.0, 510.0], [56670.0, 10000.0], [56671.5, 510.0], [56672.0, 5750.0], [56673.0, 5000.0], [56674.5, 14160.0]]"
225,2021-11-19 10:13:47.628,"[[56650.5, 51650.0], [56644.5, 3000.0], [56640.5, 6610.0], [56639.5, 510.0], [56638.5, 5000.0], [56635.5, 150.0], [56634.0, 15000.0], [56630.0, 2000.0], [56629.0, 30710.0], [56627.5, 1000.0]]","[[56651.0, 20.0], [56654.5, 1000.0], [56660.5, 20.0], [56662.5, 3000.0], [56663.0, 10500.0], [56663.5, 10010.0], [56666.5, 5000.0], [56667.0, 510.0], [56670.0, 10000.0], [56671.5, 510.0]]"
226,2021-11-19 10:13:47.966,"[[56640.0, 10000.0], [56639.5, 510.0], [56633.5, 6610.0], [56630.5, 150.0], [56629.0, 29370.0], [56627.5, 1000.0], [56626.0, 2000.0], [56625.0, 570.0], [56624.5, 90.0], [56622.5, 3340.0]]","[[56641.0, 7120.0], [56651.0, 50670.0], [56651.5, 1000.0], [56656.5, 20.0], [56661.0, 150.0], [56663.0, 10500.0], [56663.5, 30010.0], [56665.0, 3600.0], [56667.0, 510.0], [56670.0, 10000.0]]"
227,2021-11-19 10:13:48.254,"[[56640.5, 22890.0], [56633.5, 6610.0], [56629.0, 23320.0], [56627.5, 1000.0], [56626.0, 2000.0], [56624.5, 240.0], [56619.0, 15950.0], [56618.5, 740.0], [56616.5, 580.0], [56616.0, 20000.0]]","[[56641.0, 61500.0], [56648.0, 20.0], [56649.0, 20000.0], [56649.5, 510.0], [56651.0, 20.0], [56658.0, 3600.0], [56660.5, 540.0], [56663.0, 5000.0], [56663.5, 10010.0], [56665.0, 100.0]]"
228,2021-11-19 10:13:48.612,"[[56633.5, 16610.0], [56627.5, 1000.0], [56626.5, 510.0], [56618.5, 740.0], [56613.0, 2000.0], [56612.5, 7390.0], [56611.5, 150.0], [56607.0, 1890.0], [56606.0, 1370.0], [56604.0, 560.0]]","[[56634.0, 110520.0], [56641.0, 81960.0], [56641.5, 20.0], [56643.0, 810.0], [56649.5, 510.0], [56650.5, 3690.0], [56652.5, 50000.0], [56653.0, 14310.0], [56657.0, 16490.0], [56657.5, 15330.0]]"
229,2021-11-19 10:13:48.955,"[[56633.5, 26000.0], [56627.5, 4000.0], [56626.5, 7120.0], [56616.5, 740.0], [56616.0, 10000.0], [56613.0, 22000.0], [56611.5, 7210.0], [56609.0, 90.0], [56607.0, 1890.0], [56606.0, 1370.0]]","[[56634.0, 21150.0], [56640.5, 20.0], [56641.0, 24800.0], [56641.5, 20.0], [56645.0, 3000.0], [56648.5, 10000.0], [56649.0, 20000.0], [56649.5, 4110.0], [56650.5, 90.0], [56653.0, 150.0]]"
230,2021-11-19 10:13:49.269,"[[56633.5, 80050.0], [56632.0, 3000.0], [56627.5, 1000.0], [56626.5, 7120.0], [56616.5, 740.0], [56616.0, 10000.0], [56614.0, 17010.0], [56613.5, 15650.0], [56613.0, 22000.0], [56612.5, 800.0]]","[[56634.0, 20.0], [56647.0, 3020.0], [56649.0, 20000.0], [56649.5, 4110.0], [56653.0, 150.0], [56655.0, 5000.0], [56657.0, 16490.0], [56657.5, 15330.0], [56660.5, 540.0], [56663.5, 12510.0]]"
231,2021-11-19 10:13:49.616,"[[56650.0, 2890.0], [56645.5, 1000.0], [56637.0, 5000.0], [56634.5, 1810.0], [56634.0, 70100.0], [56633.5, 76710.0], [56630.0, 800.0], [56627.5, 3000.0], [56626.5, 510.0], [56621.5, 177180.0]]","[[56650.5, 54880.0], [56656.0, 5000.0], [56656.5, 3600.0], [56657.0, 20000.0], [56657.5, 15330.0], [56658.0, 20.0], [56660.5, 510.0], [56661.5, 5000.0], [56663.5, 12510.0], [56664.0, 150.0]]"
232,2021-11-19 10:13:49.949,"[[56650.0, 2890.0], [56634.5, 1810.0], [56634.0, 70100.0], [56633.5, 76710.0], [56630.5, 2000.0], [56629.0, 800.0], [56627.5, 1000.0], [56626.5, 510.0], [56625.5, 150.0], [56621.5, 550.0]]","[[56650.5, 54880.0], [56656.5, 3600.0], [56657.0, 20000.0], [56657.5, 15330.0], [56658.0, 20.0], [56660.5, 510.0], [56661.5, 5000.0], [56663.5, 12510.0], [56664.0, 150.0], [56665.0, 90.0]]"
233,2021-11-19 10:13:50.250,"[[56650.0, 7890.0], [56634.5, 1810.0], [56634.0, 70100.0], [56633.5, 47010.0], [56627.5, 1000.0], [56626.5, 510.0], [56625.5, 20950.0], [56623.0, 19820.0], [56621.5, 550.0], [56621.0, 90.0]]","[[56650.5, 36610.0], [56657.5, 15330.0], [56658.0, 20.0], [56660.5, 510.0], [56661.0, 510.0], [56661.5, 5000.0], [56663.5, 30010.0], [56664.5, 3600.0], [56665.0, 150.0], [56665.5, 50000.0]]"
234,2021-11-19 10:13:50.603,"[[56650.0, 63540.0], [56641.5, 2000.0], [56640.5, 6610.0], [56636.5, 7060.0], [56634.5, 5510.0], [56634.0, 90100.0], [56633.5, 38400.0], [56632.0, 150.0], [56629.5, 2000.0], [56627.5, 1000.0]]","[[56650.5, 30.0], [56660.5, 510.0], [56662.5, 20.0], [56663.5, 10010.0], [56668.5, 20000.0], [56669.5, 16880.0], [56672.0, 2000.0], [56674.0, 10.0], [56676.0, 150.0], [56678.0, 3250.0]]"
235,2021-11-19 10:13:50.926,"[[56650.0, 63540.0], [56648.5, 510.0], [56646.5, 100.0], [56643.0, 2000.0], [56641.5, 2000.0], [56641.0, 150.0], [56640.5, 6610.0], [56638.0, 20000.0], [56636.5, 7060.0], [56634.5, 6070.0]]","[[56650.5, 30.0], [56662.5, 20.0], [56663.5, 10010.0], [56668.5, 20000.0], [56672.0, 2000.0], [56674.0, 10.0], [56675.5, 150.0], [56677.0, 4500.0], [56677.5, 15300.0], [56678.0, 3250.0]]"
236,2021-11-19 10:13:51.238,"[[56650.0, 12890.0], [56648.5, 510.0], [56645.0, 1000.0], [56641.0, 150.0], [56640.5, 6610.0], [56639.0, 3000.0], [56637.5, 5000.0], [56636.5, 7060.0], [56634.5, 5410.0], [56634.0, 70100.0]]","[[56650.5, 5030.0], [56652.5, 1000.0], [56655.5, 3000.0], [56659.0, 20.0], [56661.0, 5000.0], [56663.5, 10010.0], [56665.5, 20000.0], [56669.0, 150.0], [56671.5, 10000.0], [56672.0, 2000.0]]"
237,2021-11-19 10:13:51.603,"[[56645.0, 1000.0], [56639.0, 3000.0], [56637.5, 5000.0], [56636.5, 7060.0], [56633.5, 6610.0], [56630.5, 1810.0], [56630.0, 25350.0], [56628.5, 250.0], [56627.5, 1800.0], [56621.5, 16070.0]]","[[56645.5, 107340.0], [56648.5, 30.0], [56649.0, 70100.0], [56649.5, 20.0], [56652.5, 1000.0], [56655.5, 3000.0], [56657.0, 510.0], [56659.0, 50000.0], [56660.5, 5000.0], [56661.0, 5000.0]]"
238,2021-11-19 10:13:51.935,"[[56639.0, 23000.0], [56638.5, 1000.0], [56630.0, 25350.0], [56629.0, 510.0], [56628.5, 150.0], [56627.5, 1000.0], [56626.5, 6610.0], [56621.5, 16070.0], [56619.5, 18600.0], [56616.5, 740.0]]","[[56639.5, 2810.0], [56645.5, 71100.0], [56648.0, 20.0], [56649.0, 70100.0], [56651.0, 3000.0], [56654.0, 20000.0], [56656.5, 510.0], [56657.0, 510.0], [56660.5, 5590.0], [56661.0, 5000.0]]"
239,2021-11-19 10:13:52.221,"[[56639.0, 73700.0], [56638.5, 1000.0], [56630.0, 25350.0], [56629.0, 510.0], [56628.5, 150.0], [56627.5, 1000.0], [56626.5, 6610.0], [56623.0, 2000.0], [56621.5, 16070.0], [56619.5, 18600.0]]","[[56639.5, 30.0], [56648.0, 20.0], [56650.0, 1000.0], [56654.0, 20000.0], [56656.0, 3000.0], [56656.5, 510.0], [56657.0, 510.0], [56658.5, 150.0], [56661.0, 5000.0], [56663.5, 17410.0]]"
240,2021-11-19 10:13:52.586,"[[56639.0, 63650.0], [56638.5, 1000.0], [56630.5, 2000.0], [56630.0, 25350.0], [56629.0, 510.0], [56628.5, 150.0], [56627.5, 1000.0], [56626.5, 6610.0], [56622.0, 20000.0], [56621.5, 16070.0]]","[[56639.5, 30.0], [56648.0, 20.0], [56653.5, 1000.0], [56656.0, 3000.0], [56656.5, 510.0], [56657.0, 20510.0], [56661.0, 5000.0], [56663.5, 10010.0], [56664.0, 15960.0], [56665.5, 560.0]]"
