,timestamp,bids,asks
0,2021-11-18 14:57:29.905,"[[59961.0, 184870.0], [59960.0, 2000.0], [59958.0, 3000.0], [59957.5, 1040.0], [59957.0, 3600.0], [59955.0, 138630.0], [59954.5, 5510.0], [59952.5, 100.0], [59951.0, 9360.0], [59950.5, 100.0]]","[[59961.5, 20.0], [59967.5, 7000.0], [59975.0, 3000.0], [59976.0, 10000.0], [59977.0, 3720.0], [59978.0, 790.0], [59981.0, 5000.0], [59981.5, 28330.0], [59982.0, 37870.0], [59984.5, 14220.0]]"
1,2021-11-18 14:57:30.191,"[[59961.0, 184870.0], [59960.0, 2000.0], [59958.0, 3000.0], [59957.5, 1040.0], [59957.0, 3600.0], [59955.5, 790.0], [59955.0, 138630.0], [59954.5, 7510.0], [59953.5, 9360.0], [59952.5, 100.0]]","[[59961.5, 20.0], [59967.5, 7000.0], [59968.5, 1000.0], [59975.0, 3000.0], [59976.0, 10000.0], [59977.0, 3720.0], [59981.0, 5000.0], [59981.5, 7340.0], [59982.0, 20000.0], [59984.5, 14220.0]]"
2,2021-11-18 14:57:30.522,"[[59961.0, 184970.0], [59960.0, 2000.0], [59958.0, 3000.0], [59957.5, 10400.0], [59957.0, 3600.0], [59955.5, 790.0], [59955.0, 138630.0], [59954.5, 7510.0], [59952.5, 100.0], [59950.5, 100.0]]","[[59961.5, 20.0], [59967.5, 7000.0], [59968.5, 1000.0], [59975.0, 3000.0], [59976.0, 10000.0], [59981.0, 5000.0], [59982.5, 24710.0], [59984.5, 23600.0], [59987.5, 100.0], [59988.5, 3000.0]]"
3,2021-11-18 14:57:30.809,"[[59961.0, 184970.0], [59960.0, 2000.0], [59958.0, 3000.0], [59957.5, 1040.0], [59957.0, 3600.0], [59955.5, 790.0], [59955.0, 138630.0], [59954.5, 7510.0], [59952.5, 9460.0], [59950.5, 100.0]]","[[59961.5, 20.0], [59967.5, 5000.0], [59968.5, 1000.0], [59972.0, 2000.0], [59975.0, 3000.0], [59976.0, 10000.0], [59981.0, 5000.0], [59982.5, 24710.0], [59984.5, 23600.0], [59987.5, 100.0]]"
4,2021-11-18 14:57:31.184,"[[59961.0, 184970.0], [59960.0, 2000.0], [59958.0, 12360.0], [59957.5, 1040.0], [59957.0, 3600.0], [59955.5, 790.0], [59955.0, 138630.0], [59954.5, 5510.0], [59952.5, 100.0], [59950.0, 510.0]]","[[59961.5, 20.0], [59966.5, 1000.0], [59972.0, 2000.0], [59975.0, 3000.0], [59976.0, 10000.0], [59981.0, 5000.0], [59982.5, 24710.0], [59984.0, 7340.0], [59984.5, 28600.0], [59987.5, 100.0]]"
5,2021-11-18 14:57:31.517,"[[59961.0, 77270.0], [59958.0, 12360.0], [59957.5, 1040.0], [59957.0, 3600.0], [59956.5, 2000.0], [59955.5, 790.0], [59955.0, 138630.0], [59954.5, 5510.0], [59952.5, 100.0], [59950.0, 2510.0]]","[[59961.5, 20.0], [59971.5, 3000.0], [59972.0, 2000.0], [59976.0, 10000.0], [59981.0, 5000.0], [59982.5, 24710.0], [59984.5, 23600.0], [59987.5, 100.0], [59988.5, 3000.0], [59989.0, 1380.0]]"
6,2021-11-18 14:57:31.838,"[[59961.0, 77270.0], [59960.5, 2000.0], [59958.0, 12360.0], [59957.5, 1040.0], [59957.0, 3600.0], [59955.5, 790.0], [59955.0, 138630.0], [59954.5, 5510.0], [59952.5, 100.0], [59950.5, 17170.0]]","[[59961.5, 20.0], [59964.5, 1000.0], [59971.5, 3000.0], [59972.0, 2000.0], [59975.5, 5000.0], [59976.0, 10000.0], [59982.5, 24710.0], [59984.5, 23600.0], [59987.5, 100.0], [59988.5, 3000.0]]"
7,2021-11-18 14:57:32.177,"[[59961.0, 142170.0], [59960.5, 2000.0], [59958.0, 12360.0], [59957.5, 1040.0], [59957.0, 3600.0], [59955.5, 790.0], [59955.0, 138630.0], [59954.5, 5510.0], [59952.5, 100.0], [59950.5, 17170.0]]","[[59961.5, 20.0], [59964.5, 1000.0], [59971.5, 3000.0], [59972.0, 2000.0], [59975.5, 5000.0], [59976.0, 10000.0], [59982.5, 24710.0], [59984.5, 23600.0], [59987.5, 100.0], [59988.5, 3000.0]]"
8,2021-11-18 14:57:32.377,"[[59961.0, 142170.0], [59960.5, 2000.0], [59958.0, 12360.0], [59957.5, 1040.0], [59957.0, 3600.0], [59955.5, 790.0], [59955.0, 138630.0], [59954.5, 5510.0], [59952.5, 100.0], [59950.5, 17170.0]]","[[59961.5, 20.0], [59964.5, 1000.0], [59971.5, 3000.0], [59972.0, 2000.0], [59975.5, 5000.0], [59976.0, 10000.0], [59982.5, 24710.0], [59984.5, 23600.0], [59987.5, 100.0], [59988.5, 3000.0]]"
9,2021-11-18 14:57:32.834,"[[59961.0, 77270.0], [59960.5, 2000.0], [59958.0, 12360.0], [59957.5, 1040.0], [59957.0, 3600.0], [59955.5, 790.0], [59955.0, 138630.0], [59954.5, 5510.0], [59952.5, 100.0], [59950.5, 17170.0]]","[[59961.5, 20.0], [59964.5, 1000.0], [59971.5, 3000.0], [59972.0, 2000.0], [59975.5, 5000.0], [59976.0, 10000.0], [59982.5, 24710.0], [59984.5, 23600.0], [59987.5, 100.0], [59988.5, 3000.0]]"
10,2021-11-18 14:57:33.162,"[[59961.0, 102370.0], [59960.5, 2000.0], [59958.0, 3000.0], [59957.5, 1040.0], [59957.0, 3600.0], [59955.0, 138630.0], [59954.5, 14870.0], [59952.5, 100.0], [59950.5, 17170.0], [59950.0, 2510.0]]","[[59961.5, 20.0], [59964.5, 1000.0], [59971.5, 3000.0], [59972.0, 2000.0], [59975.5, 5000.0], [59976.0, 10000.0], [59982.5, 24710.0], [59984.5, 23600.0], [59987.5, 100.0], [59988.5, 3000.0]]"
11,2021-11-18 14:57:33.497,"[[59970.0, 54180.0], [59965.0, 2000.0], [59963.0, 1000.0], [59961.0, 25230.0], [59958.0, 3000.0], [59957.5, 1040.0], [59957.0, 3600.0], [59955.5, 790.0], [59955.0, 138630.0], [59954.5, 14870.0]]","[[59970.5, 1000.0], [59976.0, 10000.0], [59976.5, 3000.0], [59982.5, 25990.0], [59984.5, 25600.0], [59987.5, 100.0], [59988.5, 3000.0], [59991.0, 7340.0], [59991.5, 69990.0], [59992.5, 100170.0]]"
12,2021-11-18 14:57:33.783,"[[59970.0, 54200.0], [59966.5, 20000.0], [59965.0, 2000.0], [59963.0, 1000.0], [59961.0, 25210.0], [59958.0, 3000.0], [59957.5, 1040.0], [59957.0, 3600.0], [59955.5, 790.0], [59955.0, 138630.0]]","[[59970.5, 1000.0], [59971.0, 3000.0], [59976.0, 10000.0], [59977.0, 5000.0], [59982.5, 20990.0], [59984.5, 25600.0], [59987.5, 100.0], [59988.5, 3000.0], [59991.0, 7340.0], [59991.5, 69990.0]]"
13,2021-11-18 14:57:34.155,"[[59970.0, 59200.0], [59966.5, 20000.0], [59965.0, 2000.0], [59961.0, 110.0], [59957.5, 1040.0], [59957.0, 3600.0], [59956.0, 17480.0], [59955.5, 10150.0], [59955.0, 138630.0], [59954.5, 510.0]]","[[59970.5, 1000.0], [59971.0, 3000.0], [59972.0, 2000.0], [59976.0, 10000.0], [59977.0, 5000.0], [59982.5, 20990.0], [59984.5, 23600.0], [59985.0, 17980.0], [59987.5, 100.0], [59988.5, 3000.0]]"
14,2021-11-18 14:57:34.472,"[[59970.0, 59200.0], [59966.5, 20000.0], [59965.0, 2000.0], [59961.0, 110.0], [59959.5, 1000.0], [59957.5, 1040.0], [59957.0, 3600.0], [59956.0, 17480.0], [59955.5, 10150.0], [59955.0, 138630.0]]","[[59970.5, 1000.0], [59971.0, 3000.0], [59972.0, 2000.0], [59976.0, 10000.0], [59977.0, 5000.0], [59982.0, 3720.0], [59982.5, 20990.0], [59984.5, 23600.0], [59985.0, 17980.0], [59987.5, 100.0]]"
15,2021-11-18 14:57:34.818,"[[59970.0, 46400.0], [59962.5, 20000.0], [59962.0, 2000.0], [59961.0, 110.0], [59957.5, 1040.0], [59957.0, 4600.0], [59956.5, 7260.0], [59956.0, 17480.0], [59955.5, 10150.0], [59955.0, 138630.0]]","[[59970.5, 1000.0], [59971.0, 3000.0], [59971.5, 5000.0], [59972.0, 2000.0], [59976.0, 10000.0], [59982.0, 3720.0], [59982.5, 20990.0], [59984.5, 23600.0], [59985.0, 17980.0], [59986.0, 15000.0]]"
16,2021-11-18 14:57:35.134,"[[59970.0, 46400.0], [59966.0, 2000.0], [59962.5, 20000.0], [59961.0, 110.0], [59957.5, 1040.0], [59957.0, 3600.0], [59956.5, 7260.0], [59956.0, 17480.0], [59955.5, 790.0], [59955.0, 138630.0]]","[[59970.5, 49900.0], [59971.0, 3000.0], [59971.5, 5000.0], [59972.0, 2000.0], [59976.0, 10000.0], [59982.0, 3720.0], [59982.5, 20990.0], [59984.5, 23600.0], [59985.0, 17980.0], [59986.0, 15000.0]]"
17,2021-11-18 14:57:35.480,"[[59970.0, 46400.0], [59966.0, 2000.0], [59962.5, 20000.0], [59961.0, 110.0], [59957.5, 1040.0], [59957.0, 3600.0], [59956.5, 7260.0], [59956.0, 17480.0], [59955.5, 790.0], [59955.0, 138630.0]]","[[59970.5, 49900.0], [59971.0, 3000.0], [59971.5, 5000.0], [59972.0, 2000.0], [59976.0, 10000.0], [59982.0, 3720.0], [59982.5, 20990.0], [59984.5, 23600.0], [59985.0, 17980.0], [59986.0, 15000.0]]"
18,2021-11-18 14:57:35.770,"[[59970.0, 46400.0], [59966.0, 2000.0], [59962.5, 20000.0], [59961.0, 110.0], [59957.5, 1040.0], [59957.0, 3600.0], [59956.5, 7260.0], [59956.0, 17480.0], [59955.5, 1790.0], [59955.0, 138630.0]]","[[59970.5, 49900.0], [59971.0, 3000.0], [59971.5, 5000.0], [59972.0, 2000.0], [59976.0, 10000.0], [59982.0, 3720.0], [59982.5, 20990.0], [59984.5, 23600.0], [59985.0, 17980.0], [59986.0, 15000.0]]"
19,2021-11-18 14:57:36.053,"[[59970.0, 46400.0], [59969.5, 2000.0], [59962.5, 20000.0], [59961.0, 10.0], [59957.5, 1040.0], [59957.0, 3600.0], [59956.5, 7260.0], [59956.0, 17480.0], [59955.5, 1790.0], [59955.0, 138630.0]]","[[59970.5, 42800.0], [59971.0, 3000.0], [59971.5, 5000.0], [59972.0, 2000.0], [59976.0, 10000.0], [59982.0, 3720.0], [59982.5, 20990.0], [59984.5, 23600.0], [59985.0, 17980.0], [59986.0, 15000.0]]"
20,2021-11-18 14:57:36.466,"[[59970.0, 46400.0], [59966.0, 2000.0], [59962.5, 20000.0], [59961.0, 10.0], [59957.5, 1040.0], [59957.0, 3600.0], [59956.5, 7260.0], [59956.0, 17480.0], [59955.5, 1790.0], [59955.0, 138630.0]]","[[59970.5, 42800.0], [59971.0, 3000.0], [59971.5, 5000.0], [59972.0, 2000.0], [59976.0, 10000.0], [59981.5, 20990.0], [59982.0, 3720.0], [59984.5, 23600.0], [59985.0, 17980.0], [59986.0, 15000.0]]"
21,2021-11-18 14:57:36.796,"[[59970.0, 46400.0], [59966.0, 2000.0], [59962.5, 20000.0], [59961.0, 10.0], [59957.5, 1040.0], [59957.0, 3600.0], [59956.5, 7260.0], [59956.0, 17480.0], [59955.5, 790.0], [59955.0, 138630.0]]","[[59970.5, 42800.0], [59971.0, 3000.0], [59971.5, 5000.0], [59972.0, 2000.0], [59976.0, 10000.0], [59981.5, 20990.0], [59982.0, 3720.0], [59984.5, 23600.0], [59985.0, 17980.0], [59985.5, 17900.0]]"
22,2021-11-18 14:57:37.124,"[[59970.0, 46400.0], [59969.0, 2000.0], [59962.5, 20000.0], [59961.0, 10.0], [59957.5, 1040.0], [59957.0, 3600.0], [59956.5, 7260.0], [59956.0, 17480.0], [59955.5, 790.0], [59955.0, 139630.0]]","[[59970.5, 42800.0], [59971.0, 3000.0], [59971.5, 5000.0], [59972.0, 2000.0], [59976.0, 10000.0], [59981.5, 20990.0], [59982.0, 3720.0], [59984.0, 20000.0], [59984.5, 3600.0], [59985.0, 17980.0]]"
23,2021-11-18 14:57:37.312,"[[59970.0, 46400.0], [59969.0, 2000.0], [59962.5, 20000.0], [59961.0, 10.0], [59957.5, 1040.0], [59957.0, 3600.0], [59956.5, 7260.0], [59956.0, 17480.0], [59955.5, 790.0], [59955.0, 139630.0]]","[[59970.5, 42800.0], [59971.0, 3000.0], [59971.5, 5000.0], [59972.0, 2000.0], [59976.0, 10000.0], [59981.5, 20990.0], [59982.0, 3720.0], [59984.0, 20000.0], [59984.5, 3600.0], [59985.0, 17980.0]]"
24,2021-11-18 14:57:37.789,"[[59970.0, 46400.0], [59967.5, 2000.0], [59962.5, 20000.0], [59961.0, 10.0], [59957.5, 1040.0], [59957.0, 3600.0], [59956.5, 7260.0], [59956.0, 17480.0], [59955.5, 790.0], [59955.0, 138630.0]]","[[59970.5, 1000.0], [59971.0, 3000.0], [59971.5, 5000.0], [59972.0, 2000.0], [59976.0, 10000.0], [59982.0, 3720.0], [59983.5, 20990.0], [59984.0, 20000.0], [59984.5, 3600.0], [59986.0, 15000.0]]"
25,2021-11-18 14:57:38.122,"[[59970.0, 56180.0], [59962.5, 20000.0], [59961.0, 10.0], [59959.0, 2000.0], [59958.5, 1000.0], [59957.5, 1040.0], [59957.0, 3600.0], [59956.5, 7260.0], [59956.0, 17480.0], [59955.5, 790.0]]","[[59970.5, 1000.0], [59971.0, 3000.0], [59971.5, 5000.0], [59972.0, 2000.0], [59976.0, 10000.0], [59982.0, 3720.0], [59984.0, 20000.0], [59984.5, 3600.0], [59986.0, 15000.0], [59987.0, 17200.0]]"
26,2021-11-18 14:57:38.438,"[[59983.5, 23760.0], [59980.0, 191980.0], [59978.0, 20.0], [59974.5, 510.0], [59972.5, 20000.0], [59970.5, 136400.0], [59967.0, 17960.0], [59966.0, 100.0], [59965.5, 17960.0], [59965.0, 14990.0]]","[[59984.0, 20000.0], [59990.0, 10000.0], [59995.5, 149990.0], [59999.0, 3600.0], [59999.5, 7340.0], [60000.0, 1000.0], [60003.0, 21000.0], [60003.5, 150.0], [60004.5, 3720.0], [60005.0, 3000.0]]"
27,2021-11-18 14:57:38.775,"[[59983.5, 46730.0], [59979.5, 3600.0], [59978.5, 10.0], [59978.0, 1000.0], [59977.0, 2000.0], [59974.5, 510.0], [59972.5, 20000.0], [59972.0, 90.0], [59971.5, 3000.0], [59970.5, 140060.0]]","[[59984.0, 21000.0], [59987.0, 3000.0], [59987.5, 2000.0], [59992.0, 5000.0], [60000.0, 1000.0], [60003.0, 21000.0], [60003.5, 150.0], [60004.5, 550.0], [60005.0, 3000.0], [60006.5, 3600.0]]"
28,2021-11-18 14:57:39.113,"[[59999.5, 28480.0], [59991.5, 186980.0], [59986.5, 146400.0], [59984.5, 22000.0], [59983.5, 132820.0], [59982.0, 10.0], [59979.5, 600.0], [59977.5, 14990.0], [59974.5, 510.0], [59972.0, 33300.0]]","[[60000.0, 1000.0], [60003.5, 2150.0], [60004.0, 10000.0], [60004.5, 550.0], [60005.0, 3000.0], [60008.0, 960.0], [60009.0, 550.0], [60009.5, 7440.0], [60010.0, 1000.0], [60010.5, 15000.0]]"
29,2021-11-18 14:57:39.430,"[[59999.5, 23100.0], [59991.5, 132800.0], [59989.0, 1000.0], [59986.5, 136400.0], [59984.5, 20000.0], [59983.5, 790.0], [59983.0, 3000.0], [59979.5, 600.0], [59979.0, 9800.0], [59977.5, 22250.0]]","[[60000.0, 15720.0], [60001.5, 3000.0], [60003.5, 150.0], [60004.0, 12000.0], [60005.0, 3000.0], [60008.0, 960.0], [60008.5, 5000.0], [60010.0, 1000.0], [60011.5, 21000.0], [60012.5, 150030.0]]"
30,2021-11-18 14:57:39.774,"[[59997.5, 84330.0], [59989.5, 20000.0], [59989.0, 1000.0], [59986.5, 3600.0], [59984.5, 7260.0], [59984.0, 9800.0], [59983.5, 790.0], [59983.0, 3000.0], [59982.5, 17920.0], [59982.0, 16200.0]]","[[59998.0, 5000.0], [60000.0, 2000.0], [60001.5, 3000.0], [60003.5, 150.0], [60004.0, 2000.0], [60005.0, 3000.0], [60008.0, 960.0], [60008.5, 5000.0], [60009.5, 790.0], [60010.0, 4720.0]]"
31,2021-11-18 14:57:40.104,"[[59997.5, 67870.0], [59992.5, 20000.0], [59989.0, 1000.0], [59986.5, 5600.0], [59984.5, 7260.0], [59984.0, 9800.0], [59983.5, 790.0], [59983.0, 3000.0], [59982.5, 17920.0], [59982.0, 16200.0]]","[[59998.0, 5000.0], [60000.0, 2000.0], [60001.5, 3000.0], [60003.5, 150.0], [60004.0, 12000.0], [60005.0, 3000.0], [60008.0, 960.0], [60008.5, 5000.0], [60009.5, 790.0], [60010.0, 4720.0]]"
32,2021-11-18 14:57:40.422,"[[59997.5, 56960.0], [59992.5, 20000.0], [59989.5, 2000.0], [59986.5, 3600.0], [59984.5, 7260.0], [59984.0, 9800.0], [59983.5, 790.0], [59983.0, 12360.0], [59982.5, 17920.0], [59982.0, 16200.0]]","[[59998.0, 90500.0], [60000.0, 2000.0], [60001.5, 3000.0], [60003.5, 150.0], [60004.0, 2000.0], [60005.0, 3000.0], [60008.0, 960.0], [60008.5, 5000.0], [60009.5, 790.0], [60010.0, 4720.0]]"
33,2021-11-18 14:57:40.748,"[[59997.5, 19720.0], [59992.5, 20000.0], [59989.5, 2000.0], [59988.5, 1000.0], [59986.5, 3600.0], [59984.5, 7260.0], [59984.0, 9800.0], [59983.5, 790.0], [59983.0, 12360.0], [59982.5, 17920.0]]","[[59998.0, 95500.0], [59999.0, 3720.0], [60000.0, 2000.0], [60001.5, 3000.0], [60002.5, 5000.0], [60003.5, 150.0], [60004.0, 2000.0], [60005.0, 3000.0], [60008.0, 960.0], [60009.5, 790.0]]"
34,2021-11-18 14:57:41.066,"[[59997.5, 19720.0], [59992.5, 20000.0], [59989.5, 2000.0], [59986.5, 3600.0], [59985.0, 1000.0], [59984.5, 7260.0], [59984.0, 9800.0], [59983.5, 790.0], [59983.0, 3000.0], [59982.5, 27280.0]]","[[59998.0, 113300.0], [59999.0, 3720.0], [60000.0, 2000.0], [60001.5, 3000.0], [60002.5, 5000.0], [60003.5, 150.0], [60004.0, 2000.0], [60005.0, 3000.0], [60008.0, 960.0], [60009.5, 790.0]]"
35,2021-11-18 14:57:41.403,"[[59997.5, 860.0], [59989.5, 2000.0], [59987.5, 20000.0], [59986.5, 3600.0], [59984.5, 7260.0], [59984.0, 9800.0], [59983.5, 790.0], [59982.5, 17920.0], [59982.0, 17200.0], [59981.0, 9360.0]]","[[59998.0, 128300.0], [59999.0, 3720.0], [60000.0, 2000.0], [60001.5, 3000.0], [60002.5, 5000.0], [60003.5, 150.0], [60004.0, 2000.0], [60005.0, 3000.0], [60008.0, 960.0], [60009.5, 790.0]]"
36,2021-11-18 14:57:41.739,"[[59997.5, 860.0], [59989.5, 2000.0], [59987.5, 20000.0], [59986.5, 3600.0], [59984.5, 7260.0], [59984.0, 9800.0], [59983.5, 790.0], [59982.5, 17920.0], [59982.0, 17200.0], [59981.0, 9360.0]]","[[59998.0, 128300.0], [59999.0, 3720.0], [60000.0, 2000.0], [60001.5, 3000.0], [60002.5, 5000.0], [60003.5, 150.0], [60004.0, 2000.0], [60005.0, 3000.0], [60008.0, 960.0], [60009.5, 790.0]]"
37,2021-11-18 14:57:42.069,"[[59997.5, 860.0], [59989.5, 2000.0], [59987.5, 20000.0], [59986.5, 3600.0], [59984.5, 7260.0], [59984.0, 9800.0], [59983.5, 790.0], [59982.5, 17920.0], [59982.0, 17200.0], [59981.0, 9360.0]]","[[59998.0, 128300.0], [59999.0, 3720.0], [60000.0, 2000.0], [60001.5, 3000.0], [60002.5, 5000.0], [60003.5, 150.0], [60004.0, 2000.0], [60005.0, 3000.0], [60008.0, 960.0], [60009.5, 790.0]]"
38,2021-11-18 14:57:42.409,"[[59997.5, 30.0], [59987.5, 20000.0], [59986.5, 5600.0], [59984.5, 7260.0], [59984.0, 9800.0], [59983.5, 790.0], [59982.5, 17920.0], [59982.0, 16200.0], [59981.0, 9360.0], [59979.5, 1600.0]]","[[59998.0, 134450.0], [59999.0, 3720.0], [60000.0, 2000.0], [60001.5, 3000.0], [60002.5, 5000.0], [60003.5, 150.0], [60005.0, 3000.0], [60008.0, 960.0], [60009.5, 790.0], [60010.0, 1000.0]]"
39,2021-11-18 14:57:42.742,"[[59982.5, 20.0], [59980.0, 12960.0], [59976.0, 1000.0], [59974.0, 3000.0], [59972.5, 510.0], [59972.0, 16980.0], [59970.5, 7260.0], [59967.5, 550.0], [59966.0, 14900.0], [59961.5, 54780.0]]","[[59983.0, 24910.0], [59992.0, 2000.0], [59998.0, 15000.0], [60000.0, 1000.0], [60003.5, 150.0], [60004.0, 90.0], [60005.0, 3000.0], [60006.5, 3600.0], [60008.0, 4680.0], [60009.5, 790.0]]"
40,2021-11-18 14:57:43.072,"[[59982.5, 20.0], [59972.5, 510.0], [59971.5, 20000.0], [59970.5, 16620.0], [59966.5, 1000.0], [59966.0, 9900.0], [59963.5, 16590.0], [59963.0, 3600.0], [59962.0, 17410.0], [59961.5, 10010.0]]","[[59983.0, 90660.0], [59984.5, 1000.0], [59985.0, 3000.0], [59988.0, 5000.0], [59991.0, 3600.0], [59994.0, 15000.0], [59997.5, 149990.0], [59998.0, 26660.0], [60000.0, 1000.0], [60001.5, 2000.0]]"
41,2021-11-18 14:57:43.404,"[[59982.5, 20.0], [59972.5, 510.0], [59970.5, 7260.0], [59967.5, 29360.0], [59966.0, 9900.0], [59963.5, 16590.0], [59963.0, 3600.0], [59962.5, 1000.0], [59962.0, 17410.0], [59961.5, 10010.0]]","[[59983.0, 90660.0], [59984.5, 1000.0], [59985.0, 3000.0], [59988.0, 5000.0], [59991.0, 3600.0], [59994.0, 15000.0], [59997.0, 3720.0], [59997.5, 590.0], [59998.0, 27450.0], [59999.5, 20000.0]]"
42,2021-11-18 14:57:43.725,"[[59982.5, 20.0], [59972.5, 510.0], [59970.5, 7260.0], [59967.5, 20000.0], [59966.0, 9900.0], [59964.0, 9360.0], [59963.5, 16590.0], [59963.0, 3600.0], [59962.5, 1000.0], [59962.0, 17410.0]]","[[59983.0, 90660.0], [59984.5, 1000.0], [59985.0, 3000.0], [59986.0, 5000.0], [59990.0, 10000.0], [59991.0, 3600.0], [59993.5, 590.0], [59994.0, 15000.0], [59997.0, 3720.0], [59997.5, 590.0]]"
43,2021-11-18 14:57:44.068,"[[59982.5, 20.0], [59970.5, 7260.0], [59964.0, 9360.0], [59961.5, 10010.0], [59960.5, 8750.0], [59959.5, 1000.0], [59959.0, 9800.0], [59957.5, 16030.0], [59956.0, 3600.0], [59955.5, 5000.0]]","[[59983.0, 130860.0], [59984.5, 1000.0], [59985.0, 3000.0], [59986.0, 5000.0], [59990.0, 10000.0], [59992.0, 50000.0], [59993.5, 590.0], [59994.0, 15000.0], [59997.0, 3720.0], [59997.5, 590.0]]"
44,2021-11-18 14:57:44.388,"[[59982.5, 20.0], [59970.5, 7260.0], [59965.5, 2000.0], [59964.0, 29360.0], [59961.5, 10010.0], [59959.0, 9800.0], [59957.5, 16030.0], [59956.0, 3600.0], [59955.5, 3000.0], [59955.0, 138630.0]]","[[59983.0, 107560.0], [59984.5, 1000.0], [59985.0, 3000.0], [59986.0, 5000.0], [59990.0, 10000.0], [59992.0, 50000.0], [59993.5, 590.0], [59994.0, 15000.0], [59997.0, 3720.0], [59997.5, 590.0]]"
45,2021-11-18 14:57:44.656,"[[59982.5, 20.0], [59973.5, 2000.0], [59970.5, 7260.0], [59964.0, 30360.0], [59962.5, 16790.0], [59961.5, 10010.0], [59959.0, 9800.0], [59957.5, 16030.0], [59956.0, 8600.0], [59955.0, 138630.0]]","[[59983.0, 107560.0], [59984.5, 1000.0], [59985.0, 3000.0], [59986.0, 5000.0], [59990.0, 10000.0], [59993.5, 50590.0], [59994.0, 15000.0], [59997.0, 3720.0], [59997.5, 590.0], [59998.0, 17450.0]]"
46,2021-11-18 14:57:45.056,"[[59982.5, 20.0], [59976.5, 2000.0], [59970.5, 7260.0], [59967.0, 20000.0], [59964.0, 9360.0], [59962.5, 16790.0], [59961.5, 11010.0], [59959.0, 9800.0], [59957.5, 16030.0], [59957.0, 3000.0]]","[[59983.0, 112960.0], [59983.5, 5000.0], [59984.5, 1000.0], [59985.0, 3000.0], [59990.0, 10000.0], [59993.5, 590.0], [59994.0, 15000.0], [59995.0, 50000.0], [59996.0, 20000.0], [59997.0, 3720.0]]"
47,2021-11-18 14:57:45.388,"[[59982.5, 20.0], [59973.5, 2000.0], [59970.5, 7260.0], [59964.0, 29360.0], [59962.5, 16790.0], [59961.5, 11010.0], [59959.0, 9800.0], [59957.5, 1050.0], [59957.0, 3000.0], [59956.0, 3600.0]]","[[59983.0, 117560.0], [59984.5, 1000.0], [59985.0, 3000.0], [59987.0, 5000.0], [59993.5, 50000.0], [59994.0, 15000.0], [59996.0, 20000.0], [59997.0, 3720.0], [59997.5, 590.0], [59998.0, 17460.0]]"
48,2021-11-18 14:57:45.715,"[[59970.5, 30.0], [59963.5, 7260.0], [59960.5, 29360.0], [59957.5, 1040.0], [59956.0, 4600.0], [59955.0, 138630.0], [59952.5, 2100.0], [59952.0, 3000.0], [59950.5, 100.0], [59949.5, 42870.0]]","[[59971.0, 28090.0], [59971.5, 3000.0], [59972.0, 7000.0], [59982.5, 182800.0], [59983.0, 47800.0], [59984.5, 15000.0], [59987.0, 5000.0], [59991.0, 18450.0], [59991.5, 16550.0], [59993.5, 20000.0]]"
49,2021-11-18 14:57:46.026,"[[59970.5, 30.0], [59963.5, 7260.0], [59960.5, 20000.0], [59960.0, 2000.0], [59958.5, 9360.0], [59957.5, 1040.0], [59956.0, 4600.0], [59955.0, 138630.0], [59952.5, 100.0], [59952.0, 3000.0]]","[[59971.0, 28290.0], [59971.5, 3000.0], [59972.0, 7000.0], [59981.5, 5000.0], [59982.5, 182800.0], [59983.0, 13600.0], [59984.5, 15000.0], [59990.5, 590.0], [59991.0, 18450.0], [59991.5, 16550.0]]"
50,2021-11-18 14:57:46.363,"[[59970.5, 15540.0], [59967.0, 2000.0], [59964.5, 20000.0], [59963.5, 7260.0], [59960.0, 510.0], [59958.5, 9360.0], [59957.5, 1040.0], [59957.0, 3000.0], [59956.0, 3600.0], [59955.0, 138630.0]]","[[59971.0, 8120.0], [59971.5, 3000.0], [59972.0, 7000.0], [59982.5, 132800.0], [59983.0, 13600.0], [59983.5, 5000.0], [59984.5, 15000.0], [59986.0, 50000.0], [59990.0, 3720.0], [59990.5, 590.0]]"
51,2021-11-18 14:57:46.687,"[[59970.5, 15550.0], [59967.0, 2000.0], [59964.5, 20000.0], [59963.5, 7260.0], [59960.0, 510.0], [59957.5, 10400.0], [59957.0, 3000.0], [59956.0, 3600.0], [59955.0, 138630.0], [59953.5, 790.0]]","[[59971.0, 8120.0], [59971.5, 3000.0], [59972.0, 7000.0], [59982.5, 132800.0], [59983.0, 13600.0], [59983.5, 5000.0], [59984.5, 15000.0], [59986.0, 50000.0], [59989.5, 540.0], [59990.0, 3720.0]]"
52,2021-11-18 14:57:47.027,"[[59970.5, 49450.0], [59964.5, 20000.0], [59963.5, 7260.0], [59960.0, 510.0], [59959.0, 510.0], [59957.5, 1040.0], [59957.0, 3000.0], [59956.0, 3600.0], [59955.0, 147990.0], [59953.5, 790.0]]","[[59971.0, 8120.0], [59971.5, 3000.0], [59972.0, 7000.0], [59983.0, 13600.0], [59984.5, 15000.0], [59986.0, 50000.0], [59988.5, 5000.0], [59989.5, 540.0], [59990.0, 3720.0], [59990.5, 590.0]]"
53,2021-11-18 14:57:47.369,"[[59970.5, 49450.0], [59964.5, 20000.0], [59963.5, 7260.0], [59960.0, 510.0], [59959.0, 510.0], [59957.5, 17660.0], [59957.0, 3000.0], [59956.0, 12960.0], [59955.0, 138630.0], [59953.5, 790.0]]","[[59971.0, 8120.0], [59971.5, 3000.0], [59972.0, 7000.0], [59983.0, 13600.0], [59983.5, 5000.0], [59984.5, 15000.0], [59986.0, 50000.0], [59987.5, 20000.0], [59989.5, 540.0], [59990.0, 3720.0]]"
54,2021-11-18 14:57:47.663,"[[59970.5, 22550.0], [59964.5, 20000.0], [59963.5, 7260.0], [59960.0, 510.0], [59959.0, 510.0], [59957.5, 17660.0], [59957.0, 3000.0], [59956.0, 12960.0], [59955.0, 138630.0], [59953.5, 18570.0]]","[[59971.0, 8130.0], [59971.5, 3000.0], [59972.0, 7000.0], [59983.0, 13600.0], [59983.5, 5000.0], [59984.5, 15000.0], [59986.0, 50000.0], [59987.5, 20000.0], [59989.5, 540.0], [59990.0, 3720.0]]"
55,2021-11-18 14:57:48.030,"[[59970.5, 40.0], [59963.5, 7260.0], [59961.0, 2000.0], [59960.0, 510.0], [59959.0, 510.0], [59958.0, 20000.0], [59957.5, 17660.0], [59956.0, 9360.0], [59955.0, 138630.0], [59953.5, 18570.0]]","[[59971.0, 35930.0], [59971.5, 3000.0], [59972.0, 7000.0], [59975.0, 3600.0], [59982.5, 50000.0], [59983.0, 10000.0], [59984.5, 15000.0], [59987.5, 20000.0], [59988.5, 5000.0], [59989.5, 630.0]]"
56,2021-11-18 14:57:48.355,"[[59970.5, 40.0], [59963.5, 7260.0], [59961.0, 2000.0], [59960.0, 510.0], [59959.0, 510.0], [59958.0, 20000.0], [59957.5, 17660.0], [59955.0, 138630.0], [59953.5, 18570.0], [59953.0, 16450.0]]","[[59971.0, 35930.0], [59971.5, 3000.0], [59972.0, 7000.0], [59975.0, 3600.0], [59981.5, 5000.0], [59982.5, 50000.0], [59983.0, 10000.0], [59984.5, 15000.0], [59987.5, 20000.0], [59989.5, 630.0]]"
57,2021-11-18 14:57:48.687,"[[59970.5, 40.0], [59964.0, 2000.0], [59963.5, 7260.0], [59960.0, 510.0], [59959.0, 510.0], [59958.0, 20000.0], [59957.5, 17660.0], [59955.0, 138630.0], [59953.5, 18570.0], [59953.0, 16450.0]]","[[59971.0, 36130.0], [59971.5, 3000.0], [59972.0, 7000.0], [59975.0, 3600.0], [59979.5, 16660.0], [59982.5, 66280.0], [59983.0, 10000.0], [59983.5, 5000.0], [59984.5, 15000.0], [59987.0, 17220.0]]"
58,2021-11-18 14:57:49.023,"[[59970.5, 56200.0], [59970.0, 2000.0], [59963.5, 7260.0], [59960.0, 510.0], [59959.0, 510.0], [59958.0, 20000.0], [59957.5, 17660.0], [59955.0, 138630.0], [59953.5, 1790.0], [59953.0, 32410.0]]","[[59971.0, 1210.0], [59971.5, 3000.0], [59972.0, 7000.0], [59975.0, 3600.0], [59983.0, 10000.0], [59983.5, 5000.0], [59984.5, 15000.0], [59986.0, 50000.0], [59989.5, 90.0], [59990.5, 590.0]]"
59,2021-11-18 14:57:49.353,"[[59970.5, 56200.0], [59970.0, 2000.0], [59969.0, 20000.0], [59965.0, 100.0], [59964.5, 1000.0], [59963.5, 7260.0], [59960.0, 3510.0], [59959.0, 510.0], [59957.5, 17660.0], [59957.0, 3600.0]]","[[59971.0, 1210.0], [59976.0, 13000.0], [59978.5, 5000.0], [59979.5, 7000.0], [59983.5, 3600.0], [59990.5, 590.0], [59991.5, 100.0], [59993.0, 7940.0], [59993.5, 21000.0], [59994.0, 26000.0]]"
60,2021-11-18 14:57:49.661,"[[59970.5, 56200.0], [59969.0, 20000.0], [59965.0, 100.0], [59963.5, 7260.0], [59962.5, 2000.0], [59962.0, 1000.0], [59961.5, 9360.0], [59960.0, 510.0], [59959.0, 510.0], [59957.5, 17660.0]]","[[59971.0, 6010.0], [59972.0, 3000.0], [59979.5, 7000.0], [59983.0, 10000.0], [59983.5, 3600.0], [59986.0, 50000.0], [59988.0, 20000.0], [59990.5, 590.0], [59991.5, 100.0], [59993.0, 7940.0]]"
61,2021-11-18 14:57:49.997,"[[59970.5, 100300.0], [59969.0, 20000.0], [59965.0, 100.0], [59963.5, 7260.0], [59962.0, 1000.0], [59961.5, 9360.0], [59960.0, 510.0], [59959.0, 510.0], [59957.5, 17660.0], [59957.0, 3600.0]]","[[59971.0, 1010.0], [59972.0, 3000.0], [59975.5, 5000.0], [59979.5, 7000.0], [59983.0, 10000.0], [59983.5, 3600.0], [59986.0, 50000.0], [59988.0, 20000.0], [59990.5, 590.0], [59991.5, 100.0]]"
62,2021-11-18 14:57:50.331,"[[59970.5, 58200.0], [59969.0, 20000.0], [59965.0, 100.0], [59963.5, 7260.0], [59962.0, 1000.0], [59961.5, 9360.0], [59960.0, 510.0], [59959.0, 510.0], [59957.5, 17660.0], [59957.0, 3600.0]]","[[59971.0, 1010.0], [59972.0, 3000.0], [59975.5, 5000.0], [59979.5, 7000.0], [59983.0, 10000.0], [59983.5, 3600.0], [59986.0, 50000.0], [59991.5, 100.0], [59993.0, 600.0], [59993.5, 28340.0]]"
63,2021-11-18 14:57:50.662,"[[59970.5, 58200.0], [59969.0, 20000.0], [59965.0, 100.0], [59963.5, 7260.0], [59961.5, 9360.0], [59960.0, 510.0], [59959.0, 510.0], [59957.5, 17660.0], [59957.0, 3600.0], [59956.5, 5000.0]]","[[59971.0, 1010.0], [59977.0, 3000.0], [59979.0, 5000.0], [59979.5, 7000.0], [59983.0, 10000.0], [59983.5, 3600.0], [59991.5, 100.0], [59993.0, 7940.0], [59993.5, 21000.0], [59994.0, 26000.0]]"
64,2021-11-18 14:57:50.997,"[[59989.5, 10960.0], [59987.0, 2000.0], [59983.0, 138700.0], [59978.0, 20000.0], [59977.5, 90.0], [59973.0, 3600.0], [59970.5, 10.0], [59965.0, 100.0], [59963.5, 7260.0], [59962.5, 12360.0]]","[[59990.0, 20050.0], [59995.0, 20000.0], [59997.0, 2000.0], [59998.0, 790.0], [59999.0, 9890.0], [60000.0, 1000.0], [60001.0, 3600.0], [60002.5, 1380.0], [60003.0, 7340.0], [60003.5, 150.0]]"
65,2021-11-18 14:57:51.328,"[[59989.5, 10960.0], [59987.0, 2000.0], [59983.0, 138700.0], [59978.0, 20000.0], [59977.5, 1090.0], [59973.0, 3600.0], [59971.0, 9360.0], [59970.5, 11050.0], [59969.5, 15960.0], [59968.0, 2000.0]]","[[59990.0, 26920.0], [59994.5, 2000.0], [59995.0, 20000.0], [59999.5, 21000.0], [60000.0, 1000.0], [60001.0, 3600.0], [60003.5, 150.0], [60005.0, 99400.0], [60007.0, 3720.0], [60008.0, 960.0]]"
66,2021-11-18 14:57:51.645,"[[59989.5, 10960.0], [59987.0, 2000.0], [59978.0, 20000.0], [59977.5, 1090.0], [59973.0, 3600.0], [59972.0, 9360.0], [59970.5, 11050.0], [59968.0, 2000.0], [59965.0, 100.0], [59964.0, 17560.0]]","[[59990.0, 26920.0], [59994.5, 2000.0], [59999.5, 21000.0], [60000.0, 1000.0], [60001.0, 23600.0], [60003.5, 150.0], [60004.0, 16670.0], [60005.0, 3550.0], [60005.5, 790.0], [60007.0, 3720.0]]"
67,2021-11-18 14:57:51.911,"[[59989.5, 10960.0], [59987.0, 2000.0], [59978.0, 20000.0], [59977.5, 1090.0], [59973.0, 3600.0], [59972.0, 9360.0], [59970.5, 11050.0], [59968.0, 2000.0], [59965.0, 4100.0], [59964.0, 17560.0]]","[[59990.0, 117720.0], [59994.5, 2000.0], [59999.5, 21000.0], [60000.0, 1000.0], [60001.0, 23600.0], [60002.0, 3720.0], [60003.5, 150.0], [60004.0, 16670.0], [60005.0, 3550.0], [60005.5, 790.0]]"
68,2021-11-18 14:57:52.302,"[[59989.5, 10960.0], [59987.0, 2000.0], [59978.0, 20000.0], [59977.5, 1090.0], [59973.0, 3600.0], [59972.0, 9360.0], [59970.5, 11050.0], [59968.0, 2000.0], [59965.0, 4100.0], [59964.0, 17560.0]]","[[59990.0, 117720.0], [59994.5, 2000.0], [59999.5, 21000.0], [60000.0, 1000.0], [60001.0, 23600.0], [60002.0, 3720.0], [60003.5, 150.0], [60004.0, 16670.0], [60005.0, 75670.0], [60005.5, 790.0]]"
69,2021-11-18 14:57:52.656,"[[59980.5, 2010.0], [59978.0, 1000.0], [59977.5, 7260.0], [59974.5, 20000.0], [59973.0, 3600.0], [59971.5, 9360.0], [59970.5, 3790.0], [59965.0, 100.0], [59964.0, 19560.0], [59962.5, 5000.0]]","[[59981.0, 116120.0], [59983.0, 1000.0], [59990.0, 12020.0], [59990.5, 3000.0], [59993.5, 5000.0], [59999.5, 21000.0], [60000.0, 1100.0], [60001.0, 23600.0], [60002.0, 3720.0], [60003.5, 240.0]]"
70,2021-11-18 14:57:52.987,"[[59980.5, 2010.0], [59978.0, 1000.0], [59977.5, 7260.0], [59973.0, 3600.0], [59971.0, 20000.0], [59970.5, 3790.0], [59969.5, 9360.0], [59965.0, 100.0], [59964.0, 19560.0], [59962.5, 5000.0]]","[[59981.0, 7140.0], [59983.0, 1000.0], [59986.0, 2000.0], [59990.0, 10000.0], [59990.5, 3000.0], [59993.5, 5000.0], [59999.0, 7340.0], [59999.5, 171000.0], [60000.0, 1100.0], [60001.0, 23600.0]]"
71,2021-11-18 14:57:53.313,"[[59980.5, 2010.0], [59977.5, 7260.0], [59975.0, 1000.0], [59973.0, 3600.0], [59971.0, 20000.0], [59970.5, 3790.0], [59968.5, 9360.0], [59965.0, 100.0], [59964.0, 19560.0], [59962.5, 5000.0]]","[[59981.0, 7140.0], [59983.0, 1000.0], [59986.0, 2000.0], [59986.5, 3000.0], [59990.0, 10000.0], [59993.5, 5000.0], [59999.0, 7340.0], [59999.5, 171000.0], [60000.0, 1100.0], [60000.5, 560.0]]"
72,2021-11-18 14:57:53.621,"[[59980.5, 2010.0], [59977.5, 7260.0], [59975.0, 1000.0], [59973.0, 3600.0], [59971.0, 20000.0], [59970.5, 3790.0], [59968.5, 9360.0], [59965.0, 100.0], [59964.0, 19560.0], [59962.5, 5000.0]]","[[59981.0, 7140.0], [59983.0, 1000.0], [59986.0, 2000.0], [59986.5, 3000.0], [59990.0, 10000.0], [59993.5, 5000.0], [59999.0, 7340.0], [59999.5, 171000.0], [60000.0, 1100.0], [60000.5, 560.0]]"
73,2021-11-18 14:57:53.930,"[[59980.5, 66610.0], [59977.5, 7260.0], [59975.0, 1000.0], [59973.0, 3600.0], [59971.0, 20000.0], [59970.5, 3790.0], [59968.5, 9360.0], [59965.0, 100.0], [59964.0, 19560.0], [59962.5, 5000.0]]","[[59981.0, 7140.0], [59983.0, 1000.0], [59986.0, 2000.0], [59986.5, 3000.0], [59990.0, 10000.0], [59993.5, 5000.0], [59998.5, 570.0], [59999.0, 7340.0], [59999.5, 171000.0], [60000.0, 1100.0]]"
74,2021-11-18 14:57:54.306,"[[59980.5, 24810.0], [59976.5, 1000.0], [59973.0, 3600.0], [59971.0, 20000.0], [59970.5, 8050.0], [59969.5, 3000.0], [59968.5, 9360.0], [59965.0, 100.0], [59964.0, 19560.0], [59962.5, 5000.0]]","[[59981.0, 7140.0], [59982.0, 1000.0], [59986.0, 2000.0], [59988.0, 3000.0], [59990.0, 10000.0], [59993.5, 5000.0], [59999.5, 21000.0], [60000.0, 1100.0], [60001.0, 23600.0], [60002.0, 3720.0]]"
75,2021-11-18 14:57:54.579,"[[59980.5, 24810.0], [59973.0, 3600.0], [59971.0, 20000.0], [59970.5, 8050.0], [59969.5, 3000.0], [59968.5, 9360.0], [59965.0, 100.0], [59964.0, 19560.0], [59962.5, 5000.0], [59962.0, 17190.0]]","[[59981.0, 7140.0], [59982.0, 1000.0], [59986.0, 2000.0], [59988.0, 3000.0], [59990.0, 10000.0], [59993.5, 5000.0], [59999.5, 21000.0], [60000.0, 1100.0], [60001.0, 23600.0], [60002.0, 3720.0]]"
76,2021-11-18 14:57:54.810,"[[59980.5, 24810.0], [59973.0, 3600.0], [59972.5, 1000.0], [59971.0, 20000.0], [59970.5, 8050.0], [59968.5, 9360.0], [59965.0, 3100.0], [59964.0, 17560.0], [59962.5, 5000.0], [59962.0, 17190.0]]","[[59981.0, 25640.0], [59982.0, 1000.0], [59984.0, 3000.0], [59986.0, 2000.0], [59990.0, 10000.0], [59993.5, 5000.0], [59999.5, 21000.0], [60000.0, 1100.0], [60001.0, 23600.0], [60002.0, 3720.0]]"
77,2021-11-18 14:57:55.237,"[[59980.5, 24810.0], [59972.5, 1000.0], [59971.0, 20000.0], [59970.5, 8050.0], [59968.5, 12960.0], [59965.0, 3100.0], [59964.0, 17560.0], [59962.5, 5000.0], [59962.0, 17190.0], [59960.0, 510.0]]","[[59981.0, 7140.0], [59982.0, 1000.0], [59984.0, 3000.0], [59986.0, 2000.0], [59990.0, 10000.0], [59993.5, 5000.0], [59995.0, 3600.0], [59999.0, 16580.0], [59999.5, 21000.0], [60000.0, 1100.0]]"
78,2021-11-18 14:57:55.517,"[[59980.5, 24810.0], [59972.5, 1000.0], [59971.0, 20000.0], [59970.5, 8050.0], [59968.5, 12960.0], [59965.0, 3100.0], [59964.0, 17560.0], [59962.5, 5000.0], [59962.0, 17190.0], [59960.0, 510.0]]","[[59981.0, 7140.0], [59982.0, 1000.0], [59984.0, 3000.0], [59986.0, 2000.0], [59990.0, 10000.0], [59993.5, 5000.0], [59995.0, 3600.0], [59999.0, 16580.0], [59999.5, 21000.0], [60000.0, 1100.0]]"
79,2021-11-18 14:57:55.944,"[[59980.5, 40610.0], [59976.0, 20000.0], [59970.5, 8050.0], [59970.0, 3000.0], [59968.5, 12960.0], [59965.0, 100.0], [59964.0, 17560.0], [59963.0, 15960.0], [59962.5, 5000.0], [59962.0, 17190.0]]","[[59981.0, 7200.0], [59982.0, 1000.0], [59986.0, 2000.0], [59989.0, 3000.0], [59990.0, 10000.0], [59993.5, 5000.0], [59995.0, 3600.0], [59999.5, 21000.0], [60000.0, 1100.0], [60000.5, 20000.0]]"
80,2021-11-18 14:57:56.290,"[[59980.5, 40610.0], [59976.0, 21000.0], [59970.5, 8050.0], [59970.0, 3000.0], [59968.5, 12960.0], [59965.0, 100.0], [59964.5, 2000.0], [59964.0, 17560.0], [59963.0, 15960.0], [59962.5, 5000.0]]","[[59981.0, 7200.0], [59982.0, 1000.0], [59986.0, 2000.0], [59989.0, 3000.0], [59990.0, 10000.0], [59993.5, 5000.0], [59995.0, 3600.0], [59999.5, 21000.0], [60000.0, 1100.0], [60000.5, 20000.0]]"
81,2021-11-18 14:57:56.543,"[[59980.5, 27810.0], [59976.0, 22000.0], [59972.0, 1000.0], [59970.5, 8050.0], [59968.5, 12960.0], [59965.5, 3000.0], [59965.0, 100.0], [59964.0, 21560.0], [59963.0, 15960.0], [59962.5, 5000.0]]","[[59981.0, 7200.0], [59982.0, 1000.0], [59984.0, 3000.0], [59986.0, 2000.0], [59988.0, 5000.0], [59990.0, 10000.0], [59995.0, 3600.0], [59999.5, 21000.0], [60000.0, 1100.0], [60000.5, 20000.0]]"
82,2021-11-18 14:57:56.895,"[[59980.5, 27810.0], [59979.5, 2000.0], [59976.0, 20000.0], [59972.0, 1000.0], [59970.5, 8050.0], [59968.5, 12960.0], [59965.5, 3000.0], [59965.0, 100.0], [59964.0, 17560.0], [59963.0, 15960.0]]","[[59981.0, 7180.0], [59982.0, 1000.0], [59984.0, 3000.0], [59986.0, 2000.0], [59988.0, 5000.0], [59990.0, 10000.0], [59995.0, 3600.0], [59999.5, 21000.0], [60000.0, 1100.0], [60000.5, 20000.0]]"
83,2021-11-18 14:57:57.202,"[[59980.5, 27810.0], [59979.5, 2000.0], [59976.0, 20000.0], [59970.5, 8050.0], [59969.0, 1000.0], [59968.5, 12960.0], [59965.5, 3000.0], [59965.0, 100.0], [59964.0, 21560.0], [59963.0, 15960.0]]","[[59981.0, 7180.0], [59982.0, 1000.0], [59984.0, 3000.0], [59986.0, 2000.0], [59988.0, 5000.0], [59990.0, 10000.0], [59995.0, 3600.0], [59999.5, 21000.0], [60000.0, 1100.0], [60000.5, 20000.0]]"
84,2021-11-18 14:57:57.589,"[[59980.5, 27810.0], [59979.5, 2000.0], [59972.0, 20000.0], [59970.5, 8050.0], [59969.0, 1000.0], [59968.5, 12960.0], [59966.0, 16920.0], [59965.5, 3000.0], [59965.0, 100.0], [59964.0, 17560.0]]","[[59981.0, 7180.0], [59982.0, 1000.0], [59984.0, 3000.0], [59986.0, 2000.0], [59988.0, 5000.0], [59990.0, 10000.0], [59995.0, 3600.0], [59999.5, 21000.0], [60000.0, 1100.0], [60000.5, 20000.0]]"
85,2021-11-18 14:57:57.938,"[[59980.5, 27810.0], [59979.5, 2000.0], [59972.0, 20000.0], [59971.0, 1000.0], [59970.5, 8050.0], [59968.5, 12960.0], [59966.0, 16920.0], [59965.5, 3000.0], [59965.0, 100.0], [59964.0, 17560.0]]","[[59981.0, 7180.0], [59982.0, 1000.0], [59984.0, 3000.0], [59986.0, 2000.0], [59988.0, 5000.0], [59990.0, 10000.0], [59995.0, 3600.0], [59999.5, 21000.0], [60000.0, 1100.0], [60000.5, 20000.0]]"
86,2021-11-18 14:57:58.251,"[[59980.5, 27810.0], [59979.5, 2000.0], [59972.0, 20000.0], [59971.0, 1000.0], [59970.5, 8050.0], [59968.5, 12960.0], [59966.0, 16920.0], [59965.5, 3000.0], [59965.0, 100.0], [59964.0, 17560.0]]","[[59981.0, 7180.0], [59982.0, 1000.0], [59984.0, 3000.0], [59986.0, 2000.0], [59988.0, 5000.0], [59990.0, 10000.0], [59995.0, 3600.0], [59998.5, 7340.0], [59999.0, 69990.0], [59999.5, 21000.0]]"
87,2021-11-18 14:57:58.606,"[[59980.5, 27810.0], [59979.5, 2000.0], [59972.0, 20000.0], [59971.0, 1000.0], [59970.5, 8050.0], [59968.5, 12960.0], [59966.0, 16920.0], [59965.5, 3000.0], [59965.0, 100.0], [59964.0, 17560.0]]","[[59981.0, 7180.0], [59982.0, 1000.0], [59984.0, 3000.0], [59986.0, 2000.0], [59988.0, 5000.0], [59990.0, 10000.0], [59995.0, 3600.0], [59998.5, 7340.0], [59999.0, 69990.0], [59999.5, 21000.0]]"
88,2021-11-18 14:57:58.823,"[[59980.5, 27810.0], [59979.5, 2000.0], [59972.0, 20000.0], [59971.0, 1000.0], [59970.5, 8050.0], [59968.5, 12960.0], [59966.0, 16920.0], [59965.5, 3000.0], [59965.0, 100.0], [59964.0, 17560.0]]","[[59981.0, 7180.0], [59982.0, 1000.0], [59984.0, 3000.0], [59986.0, 2000.0], [59988.0, 5000.0], [59990.0, 10000.0], [59995.0, 3600.0], [59998.5, 7340.0], [59999.0, 69990.0], [59999.5, 21000.0]]"
89,2021-11-18 14:57:59.263,"[[59980.5, 27810.0], [59979.5, 2000.0], [59972.0, 20000.0], [59971.0, 1000.0], [59970.5, 8050.0], [59968.5, 12960.0], [59966.0, 16920.0], [59965.5, 3000.0], [59965.0, 100.0], [59964.0, 17560.0]]","[[59981.0, 7180.0], [59982.0, 1000.0], [59984.0, 3000.0], [59986.0, 2000.0], [59988.0, 5000.0], [59990.0, 10000.0], [59995.0, 3600.0], [59998.5, 7340.0], [59999.0, 69990.0], [59999.5, 21000.0]]"
90,2021-11-18 14:57:59.581,"[[59980.5, 27810.0], [59979.5, 2000.0], [59975.0, 20000.0], [59970.5, 8050.0], [59968.5, 12960.0], [59966.0, 16920.0], [59965.5, 3000.0], [59965.0, 100.0], [59964.0, 17560.0], [59963.0, 15960.0]]","[[59981.0, 7180.0], [59982.0, 1000.0], [59984.0, 3000.0], [59986.0, 2000.0], [59988.0, 5000.0], [59990.0, 10000.0], [59995.0, 3600.0], [59998.5, 7340.0], [59999.0, 69990.0], [59999.5, 21000.0]]"
91,2021-11-18 14:57:59.915,"[[59980.5, 27830.0], [59979.5, 2000.0], [59975.0, 20000.0], [59973.5, 1000.0], [59970.5, 8050.0], [59968.5, 12960.0], [59966.0, 16920.0], [59965.5, 3000.0], [59965.0, 100.0], [59964.0, 17560.0]]","[[59981.0, 7180.0], [59982.0, 1000.0], [59984.0, 3000.0], [59986.0, 2000.0], [59988.0, 5000.0], [59990.0, 10000.0], [59995.0, 3600.0], [59998.5, 7340.0], [59999.0, 69990.0], [59999.5, 21000.0]]"
92,2021-11-18 14:58:00.241,"[[59980.5, 27830.0], [59979.5, 2000.0], [59975.0, 21000.0], [59970.5, 8050.0], [59970.0, 3000.0], [59968.5, 12960.0], [59966.0, 16920.0], [59965.0, 100.0], [59964.0, 17560.0], [59963.0, 15960.0]]","[[59981.0, 7180.0], [59982.0, 1000.0], [59984.0, 3000.0], [59986.0, 2000.0], [59988.0, 5000.0], [59990.0, 10000.0], [59995.0, 3600.0], [59998.5, 7340.0], [59999.0, 69990.0], [59999.5, 21000.0]]"
93,2021-11-18 14:58:00.586,"[[59980.5, 27830.0], [59979.5, 2000.0], [59975.0, 21000.0], [59970.5, 8050.0], [59970.0, 3000.0], [59968.5, 12960.0], [59966.0, 16920.0], [59965.0, 100.0], [59964.0, 17560.0], [59963.0, 15960.0]]","[[59981.0, 7180.0], [59982.0, 1000.0], [59984.0, 3000.0], [59986.0, 2000.0], [59988.0, 5000.0], [59990.0, 10000.0], [59995.0, 3600.0], [59998.5, 7340.0], [59999.0, 69990.0], [59999.5, 21000.0]]"
94,2021-11-18 14:58:00.910,"[[59980.5, 41530.0], [59979.5, 2000.0], [59978.5, 20000.0], [59975.0, 1000.0], [59970.5, 8050.0], [59970.0, 3000.0], [59968.5, 12960.0], [59966.0, 16920.0], [59965.0, 100.0], [59964.0, 17560.0]]","[[59981.0, 7180.0], [59982.0, 1000.0], [59984.0, 3000.0], [59986.0, 2000.0], [59988.0, 5000.0], [59990.0, 10000.0], [59995.0, 3600.0], [59999.5, 21000.0], [60000.0, 1100.0], [60000.5, 20000.0]]"
95,2021-11-18 14:58:01.236,"[[59980.5, 27830.0], [59979.5, 2000.0], [59978.5, 20000.0], [59975.0, 1000.0], [59970.5, 8050.0], [59970.0, 3000.0], [59968.5, 12960.0], [59966.0, 16920.0], [59965.0, 100.0], [59964.0, 17560.0]]","[[59981.0, 7180.0], [59982.0, 1000.0], [59984.0, 3000.0], [59986.0, 2000.0], [59988.0, 5000.0], [59990.0, 10000.0], [59995.0, 3600.0], [59999.5, 21000.0], [60000.0, 1100.0], [60001.0, 20000.0]]"
96,2021-11-18 14:58:01.519,"[[59980.5, 50680.0], [59979.5, 2000.0], [59978.5, 20000.0], [59976.5, 3600.0], [59975.0, 100.0], [59974.0, 3000.0], [59970.5, 8050.0], [59968.5, 14360.0], [59966.0, 16920.0], [59965.0, 100.0]]","[[59981.0, 60.0], [59986.0, 2000.0], [59989.5, 3000.0], [59990.0, 10000.0], [59995.5, 5000.0], [60000.0, 1100.0], [60002.0, 3720.0], [60002.5, 3600.0], [60003.0, 550.0], [60003.5, 240.0]]"
97,2021-11-18 14:58:01.901,"[[59980.5, 130820.0], [59980.0, 1000.0], [59979.5, 2000.0], [59978.5, 20000.0], [59976.5, 3600.0], [59975.0, 100.0], [59974.0, 3000.0], [59971.0, 9360.0], [59970.5, 8050.0], [59968.5, 5000.0]]","[[59981.0, 60.0], [59982.5, 1000.0], [59986.0, 2000.0], [59989.5, 3000.0], [59990.0, 10000.0], [59995.5, 5000.0], [60000.0, 1100.0], [60002.0, 3720.0], [60002.5, 3600.0], [60003.0, 550.0]]"
98,2021-11-18 14:58:02.185,"[[59980.5, 150820.0], [59980.0, 1000.0], [59979.5, 2000.0], [59976.5, 3600.0], [59975.0, 100.0], [59974.0, 3000.0], [59972.0, 9360.0], [59970.5, 8050.0], [59968.5, 5000.0], [59966.0, 16920.0]]","[[59981.0, 60.0], [59982.5, 1000.0], [59986.0, 2000.0], [59989.5, 3000.0], [59990.0, 10000.0], [59995.5, 5000.0], [60000.0, 1000.0], [60002.0, 3720.0], [60002.5, 3600.0], [60003.0, 550.0]]"
99,2021-11-18 14:58:02.568,"[[59980.5, 150080.0], [59980.0, 1000.0], [59979.5, 2000.0], [59976.5, 3600.0], [59975.0, 100.0], [59974.0, 3000.0], [59972.0, 9360.0], [59970.5, 8050.0], [59968.5, 7000.0], [59966.0, 16920.0]]","[[59981.0, 60.0], [59982.5, 1000.0], [59986.0, 2000.0], [59989.5, 3000.0], [59990.0, 10000.0], [59995.5, 5000.0], [60000.0, 1000.0], [60002.0, 3720.0], [60002.5, 3600.0], [60003.0, 550.0]]"
100,2021-11-18 14:58:02.833,"[[59980.5, 150080.0], [59980.0, 1000.0], [59979.5, 2000.0], [59976.5, 3600.0], [59975.0, 100.0], [59974.0, 3000.0], [59972.0, 9360.0], [59970.5, 8050.0], [59968.5, 7000.0], [59966.0, 16920.0]]","[[59981.0, 60.0], [59982.5, 1000.0], [59986.0, 2000.0], [59989.5, 3000.0], [59990.0, 10000.0], [59995.5, 5000.0], [60000.0, 1000.0], [60002.0, 3720.0], [60002.5, 3600.0], [60003.0, 550.0]]"
101,2021-11-18 14:58:03.228,"[[59980.5, 70680.0], [59980.0, 1000.0], [59979.5, 2000.0], [59976.5, 3600.0], [59975.0, 100.0], [59974.0, 3000.0], [59972.0, 9360.0], [59970.5, 8050.0], [59968.5, 7000.0], [59966.0, 16920.0]]","[[59981.0, 60.0], [59982.5, 1000.0], [59986.0, 2000.0], [59989.5, 3000.0], [59995.5, 5000.0], [60000.0, 1000.0], [60002.0, 3720.0], [60002.5, 3600.0], [60003.0, 550.0], [60003.5, 240.0]]"
102,2021-11-18 14:58:03.547,"[[59980.5, 70680.0], [59980.0, 1000.0], [59979.5, 2000.0], [59976.5, 3600.0], [59975.0, 100.0], [59974.0, 3000.0], [59972.0, 9360.0], [59970.5, 8050.0], [59969.5, 4000.0], [59968.5, 7000.0]]","[[59981.0, 60.0], [59982.5, 1000.0], [59989.5, 3000.0], [59995.5, 5000.0], [59996.5, 2000.0], [59997.0, 10000.0], [60000.0, 1000.0], [60002.0, 3720.0], [60002.5, 3600.0], [60003.0, 550.0]]"
103,2021-11-18 14:58:03.867,"[[59980.5, 70680.0], [59979.5, 2000.0], [59977.5, 1000.0], [59976.5, 3600.0], [59975.0, 100.0], [59974.0, 3000.0], [59972.0, 9360.0], [59970.5, 8050.0], [59968.5, 7000.0], [59966.0, 16920.0]]","[[59981.0, 60.0], [59982.5, 1000.0], [59989.5, 3000.0], [59991.5, 2000.0], [59995.5, 5000.0], [59997.0, 10000.0], [59998.5, 16670.0], [60000.0, 1000.0], [60002.0, 3720.0], [60002.5, 3600.0]]"
104,2021-11-18 14:58:04.214,"[[59980.5, 50680.0], [59979.5, 22000.0], [59977.5, 1000.0], [59976.5, 3600.0], [59975.0, 100.0], [59974.0, 3000.0], [59972.0, 9360.0], [59970.5, 8050.0], [59968.5, 7000.0], [59966.0, 16920.0]]","[[59981.0, 60.0], [59982.5, 1000.0], [59989.5, 3000.0], [59991.5, 2000.0], [59995.5, 5000.0], [59997.0, 10000.0], [59998.5, 16670.0], [60000.0, 1000.0], [60001.5, 16750.0], [60002.0, 3720.0]]"
105,2021-11-18 14:58:04.510,"[[59980.5, 50680.0], [59979.5, 22000.0], [59977.5, 1000.0], [59976.5, 3600.0], [59975.0, 100.0], [59974.0, 3000.0], [59972.0, 9360.0], [59970.5, 8050.0], [59968.5, 7000.0], [59966.0, 16920.0]]","[[59981.0, 60.0], [59982.5, 1000.0], [59989.5, 3000.0], [59991.5, 2000.0], [59995.5, 5000.0], [59997.0, 10000.0], [59998.5, 16670.0], [60000.0, 1000.0], [60001.5, 16750.0], [60002.0, 3720.0]]"
106,2021-11-18 14:58:04.861,"[[59980.5, 98580.0], [59979.5, 22000.0], [59977.5, 1000.0], [59976.5, 3600.0], [59975.0, 100.0], [59974.0, 3000.0], [59972.0, 9360.0], [59970.5, 8050.0], [59968.5, 7000.0], [59966.0, 16920.0]]","[[59981.0, 60.0], [59982.5, 1000.0], [59989.5, 3000.0], [59991.5, 2000.0], [59995.5, 5000.0], [59998.5, 16670.0], [60000.0, 1000.0], [60001.0, 17980.0], [60001.5, 16750.0], [60002.0, 3720.0]]"
107,2021-11-18 14:58:05.208,"[[59980.5, 50680.0], [59979.5, 2000.0], [59978.5, 20000.0], [59977.5, 1000.0], [59976.5, 3600.0], [59975.0, 100.0], [59974.0, 3000.0], [59972.0, 9360.0], [59970.5, 8050.0], [59968.5, 7000.0]]","[[59981.0, 60.0], [59982.5, 1000.0], [59989.5, 3000.0], [59990.0, 10000.0], [59991.5, 2000.0], [59995.5, 5000.0], [59998.5, 16670.0], [60000.0, 1000.0], [60001.0, 17980.0], [60001.5, 16750.0]]"
108,2021-11-18 14:58:05.504,"[[59980.5, 50680.0], [59979.5, 2000.0], [59977.5, 1000.0], [59976.5, 3600.0], [59975.0, 100.0], [59974.0, 3000.0], [59972.0, 9360.0], [59970.5, 8050.0], [59968.5, 7000.0], [59966.0, 16920.0]]","[[59981.0, 60.0], [59982.5, 1000.0], [59989.5, 3000.0], [59990.0, 10000.0], [59991.5, 2000.0], [59995.5, 5000.0], [59998.5, 16670.0], [60000.0, 1000.0], [60001.0, 17980.0], [60001.5, 16750.0]]"
109,2021-11-18 14:58:05.871,"[[59980.5, 121780.0], [59979.5, 2000.0], [59976.5, 3600.0], [59975.0, 100.0], [59972.0, 9360.0], [59971.5, 10010.0], [59970.5, 8050.0], [59968.5, 7000.0], [59966.5, 14990.0], [59966.0, 16920.0]]","[[59981.0, 60.0], [59991.5, 2000.0], [59994.5, 3000.0], [59995.5, 5000.0], [60000.0, 1000.0], [60002.0, 3720.0], [60002.5, 3600.0], [60003.0, 550.0], [60003.5, 240.0], [60005.0, 3000.0]]"
110,2021-11-18 14:58:06.159,"[[59980.5, 121780.0], [59979.5, 17790.0], [59978.0, 3000.0], [59977.5, 90.0], [59976.5, 3600.0], [59975.0, 100.0], [59974.0, 9360.0], [59971.5, 10010.0], [59970.5, 8050.0], [59969.0, 14320.0]]","[[59981.0, 60.0], [59986.5, 1000.0], [59991.5, 2000.0], [59994.5, 3000.0], [59995.5, 5000.0], [60000.0, 1000.0], [60002.0, 3720.0], [60002.5, 3600.0], [60003.0, 550.0], [60003.5, 150.0]]"
111,2021-11-18 14:58:06.338,"[[59980.5, 121780.0], [59979.5, 17790.0], [59978.0, 3000.0], [59977.5, 90.0], [59976.5, 3600.0], [59975.0, 100.0], [59974.0, 9360.0], [59971.5, 10010.0], [59970.5, 8050.0], [59969.0, 14320.0]]","[[59981.0, 60.0], [59986.5, 1000.0], [59991.5, 2000.0], [59994.5, 3000.0], [59995.5, 5000.0], [60000.0, 1000.0], [60002.0, 3720.0], [60002.5, 3600.0], [60003.0, 550.0], [60003.5, 150.0]]"
112,2021-11-18 14:58:06.863,"[[59980.5, 51680.0], [59978.0, 3000.0], [59977.5, 90.0], [59976.5, 5600.0], [59975.0, 100.0], [59974.0, 9360.0], [59972.0, 16640.0], [59971.5, 10010.0], [59970.5, 8050.0], [59969.0, 14320.0]]","[[59981.0, 60.0], [59986.5, 1000.0], [59991.5, 2000.0], [59994.5, 3000.0], [59995.5, 5000.0], [60000.0, 1000.0], [60002.0, 3720.0], [60002.5, 3600.0], [60003.0, 550.0], [60003.5, 150.0]]"
113,2021-11-18 14:58:07.170,"[[59980.5, 50680.0], [59977.5, 1090.0], [59977.0, 20000.0], [59976.5, 5600.0], [59975.0, 20100.0], [59974.0, 9360.0], [59973.5, 3000.0], [59972.0, 16640.0], [59971.5, 10010.0], [59970.5, 8050.0]]","[[59981.0, 60.0], [59991.5, 2000.0], [59995.5, 5000.0], [59997.0, 10000.0], [59998.0, 16600.0], [60000.0, 1000.0], [60000.5, 90.0], [60002.0, 3720.0], [60002.5, 3600.0], [60003.0, 550.0]]"
114,2021-11-18 14:58:07.522,"[[59980.5, 5030.0], [59975.0, 20100.0], [59972.5, 9360.0], [59972.0, 1000.0], [59971.5, 10010.0], [59970.5, 28050.0], [59968.5, 2000.0], [59967.5, 3600.0], [59965.0, 100.0], [59964.0, 3000.0]]","[[59981.0, 23180.0], [59983.5, 3000.0], [59988.5, 2000.0], [59989.5, 5000.0], [59991.5, 3720.0], [59994.0, 3600.0], [59997.0, 10000.0], [59998.0, 16600.0], [59999.0, 15210.0], [60000.0, 1000.0]]"
115,2021-11-18 14:58:07.850,"[[59980.5, 30.0], [59975.0, 20100.0], [59970.5, 7260.0], [59965.5, 9360.0], [59965.0, 100.0], [59964.0, 790.0], [59962.0, 20000.0], [59960.0, 510.0], [59959.0, 4110.0], [59957.5, 1040.0]]","[[59981.0, 91430.0], [59981.5, 5000.0], [59983.5, 3000.0], [59986.0, 3600.0], [59988.0, 100.0], [59991.5, 3720.0], [59993.0, 50000.0], [59995.0, 15000.0], [59996.0, 21000.0], [59997.5, 20000.0]]"
116,2021-11-18 14:58:08.183,"[[59980.5, 30.0], [59976.0, 10.0], [59975.0, 20100.0], [59970.5, 7260.0], [59962.0, 20000.0], [59960.0, 1510.0], [59959.5, 9360.0], [59959.0, 4110.0], [59957.5, 1040.0], [59957.0, 2000.0]]","[[59981.0, 108160.0], [59981.5, 5000.0], [59983.5, 3000.0], [59986.0, 3600.0], [59988.0, 100.0], [59990.0, 10000.0], [59990.5, 149980.0], [59991.0, 90.0], [59991.5, 3720.0], [59993.0, 50000.0]]"
117,2021-11-18 14:58:08.466,"[[59980.5, 30.0], [59976.0, 10.0], [59975.0, 20100.0], [59970.5, 7260.0], [59962.0, 20000.0], [59960.0, 1510.0], [59959.0, 4110.0], [59957.5, 1040.0], [59957.0, 2000.0], [59956.5, 8700.0]]","[[59981.0, 91630.0], [59981.5, 5000.0], [59983.5, 3000.0], [59986.0, 3600.0], [59988.0, 100.0], [59990.0, 10000.0], [59991.0, 90.0], [59991.5, 3720.0], [59993.0, 66540.0], [59994.5, 550.0]]"
118,2021-11-18 14:58:08.814,"[[59980.5, 30.0], [59976.0, 10.0], [59975.0, 20100.0], [59970.5, 7260.0], [59970.0, 2000.0], [59962.0, 20000.0], [59960.0, 1510.0], [59959.0, 4110.0], [59957.5, 1040.0], [59956.5, 8700.0]]","[[59981.0, 137730.0], [59981.5, 5000.0], [59983.5, 3000.0], [59986.0, 3600.0], [59988.0, 100.0], [59991.0, 90.0], [59991.5, 3720.0], [59993.0, 66540.0], [59994.5, 35050.0], [59995.0, 15000.0]]"
119,2021-11-18 14:58:09.155,"[[59980.5, 30.0], [59976.0, 10.0], [59975.0, 20100.0], [59970.5, 7260.0], [59970.0, 2000.0], [59962.0, 20000.0], [59960.0, 1510.0], [59959.0, 4110.0], [59957.5, 1040.0], [59956.5, 8700.0]]","[[59981.0, 137730.0], [59981.5, 5000.0], [59983.0, 10000.0], [59983.5, 3000.0], [59986.0, 3600.0], [59988.0, 20100.0], [59991.0, 90.0], [59991.5, 3720.0], [59993.0, 66540.0], [59994.5, 35050.0]]"
120,2021-11-18 14:58:09.456,"[[59980.5, 30.0], [59976.0, 10.0], [59975.0, 20100.0], [59970.5, 7260.0], [59970.0, 2000.0], [59962.0, 20000.0], [59960.0, 1510.0], [59959.0, 4110.0], [59957.5, 1040.0], [59956.5, 8700.0]]","[[59981.0, 137730.0], [59981.5, 5000.0], [59983.0, 10000.0], [59983.5, 3000.0], [59986.0, 3600.0], [59988.0, 20100.0], [59991.0, 90.0], [59991.5, 3720.0], [59993.0, 66540.0], [59994.5, 185040.0]]"
121,2021-11-18 14:58:09.811,"[[59980.5, 30.0], [59976.0, 10.0], [59975.0, 20100.0], [59970.5, 7260.0], [59970.0, 2000.0], [59962.0, 21000.0], [59960.0, 610.0], [59959.0, 4110.0], [59957.5, 1040.0], [59956.5, 8700.0]]","[[59981.0, 91630.0], [59981.5, 5000.0], [59983.0, 10000.0], [59983.5, 3000.0], [59986.0, 3600.0], [59988.0, 20100.0], [59991.0, 90.0], [59991.5, 3720.0], [59993.0, 66540.0], [59994.5, 185040.0]]"
122,2021-11-18 14:58:10.168,"[[59980.5, 30.0], [59976.0, 10.0], [59975.0, 20100.0], [59970.5, 7260.0], [59970.0, 2000.0], [59966.5, 1000.0], [59966.0, 20000.0], [59965.0, 15790.0], [59960.0, 610.0], [59959.0, 4110.0]]","[[59981.0, 91630.0], [59981.5, 5000.0], [59983.0, 10000.0], [59983.5, 3000.0], [59986.0, 3600.0], [59988.0, 20100.0], [59991.0, 90.0], [59991.5, 3720.0], [59993.0, 66540.0], [59994.5, 185040.0]]"
123,2021-11-18 14:58:10.444,"[[59980.5, 30.0], [59976.0, 10.0], [59975.0, 20100.0], [59970.5, 7260.0], [59970.0, 2000.0], [59966.5, 1000.0], [59961.5, 20000.0], [59960.0, 610.0], [59959.0, 4110.0], [59958.5, 3000.0]]","[[59981.0, 91630.0], [59981.5, 5000.0], [59983.0, 10000.0], [59983.5, 3000.0], [59986.0, 3600.0], [59988.0, 20100.0], [59991.0, 90.0], [59991.5, 3720.0], [59993.0, 66540.0], [59994.5, 185040.0]]"
124,2021-11-18 14:58:10.809,"[[59980.5, 30.0], [59976.0, 10.0], [59975.0, 20100.0], [59970.5, 7260.0], [59970.0, 2000.0], [59966.5, 1000.0], [59961.5, 20000.0], [59960.0, 610.0], [59959.0, 4110.0], [59958.5, 3000.0]]","[[59981.0, 121030.0], [59981.5, 5000.0], [59983.0, 10000.0], [59983.5, 3000.0], [59986.0, 3600.0], [59988.0, 20100.0], [59991.0, 90.0], [59991.5, 3720.0], [59993.0, 66540.0], [59994.5, 185040.0]]"
125,2021-11-18 14:58:11.157,"[[59980.5, 30.0], [59976.0, 10.0], [59975.0, 20100.0], [59970.5, 7260.0], [59966.0, 2000.0], [59961.5, 20000.0], [59961.0, 1000.0], [59960.0, 610.0], [59959.0, 4110.0], [59957.5, 1040.0]]","[[59981.0, 119030.0], [59981.5, 5000.0], [59982.0, 2000.0], [59983.0, 10000.0], [59983.5, 3000.0], [59986.0, 3600.0], [59988.0, 20100.0], [59991.0, 90.0], [59991.5, 3720.0], [59993.0, 66540.0]]"
126,2021-11-18 14:58:11.463,"[[59980.5, 30.0], [59976.0, 10.0], [59975.0, 20100.0], [59970.5, 7260.0], [59968.5, 2000.0], [59961.5, 20000.0], [59960.0, 610.0], [59959.0, 4110.0], [59958.5, 1000.0], [59957.5, 1040.0]]","[[59981.0, 135560.0], [59981.5, 5000.0], [59982.0, 2000.0], [59983.0, 10000.0], [59983.5, 3000.0], [59986.0, 3600.0], [59988.0, 20100.0], [59991.0, 90.0], [59991.5, 3720.0], [59993.0, 50000.0]]"
127,2021-11-18 14:58:11.800,"[[59980.5, 30.0], [59976.0, 10.0], [59975.0, 20100.0], [59970.5, 7260.0], [59968.5, 2000.0], [59961.5, 20000.0], [59960.0, 610.0], [59959.0, 4110.0], [59958.5, 1000.0], [59957.5, 1040.0]]","[[59981.0, 135560.0], [59981.5, 5000.0], [59982.0, 2000.0], [59983.0, 10000.0], [59983.5, 3000.0], [59986.0, 3600.0], [59988.0, 20100.0], [59991.0, 90.0], [59991.5, 3720.0], [59993.0, 50000.0]]"
128,2021-11-18 14:58:12.147,"[[59980.5, 30.0], [59976.0, 10.0], [59975.0, 20100.0], [59971.5, 2000.0], [59970.5, 7260.0], [59962.0, 1000.0], [59960.0, 610.0], [59959.5, 20000.0], [59959.0, 4110.0], [59957.5, 1040.0]]","[[59981.0, 89630.0], [59981.5, 5000.0], [59983.0, 10000.0], [59983.5, 3000.0], [59986.0, 3600.0], [59988.0, 20100.0], [59989.5, 2000.0], [59991.0, 90.0], [59991.5, 3720.0], [59993.0, 50000.0]]"
129,2021-11-18 14:58:12.477,"[[59980.5, 30.0], [59976.0, 10.0], [59975.0, 20100.0], [59971.5, 2000.0], [59970.5, 7260.0], [59960.0, 5610.0], [59959.0, 4110.0], [59957.5, 1040.0], [59956.5, 8700.0], [59955.0, 138630.0]]","[[59981.0, 91630.0], [59983.0, 10000.0], [59983.5, 3000.0], [59986.0, 3600.0], [59988.0, 20100.0], [59991.0, 90.0], [59991.5, 3720.0], [59993.0, 50000.0], [59994.5, 35050.0], [59995.0, 15000.0]]"
130,2021-11-18 14:58:12.807,"[[59980.5, 30.0], [59976.0, 10.0], [59975.0, 20100.0], [59971.5, 2000.0], [59970.5, 7260.0], [59968.0, 1000.0], [59964.5, 20000.0], [59962.0, 3000.0], [59960.0, 610.0], [59959.0, 4110.0]]","[[59981.0, 91630.0], [59983.0, 10000.0], [59983.5, 3000.0], [59984.0, 5000.0], [59986.0, 3600.0], [59988.0, 100.0], [59991.0, 90.0], [59991.5, 3720.0], [59993.0, 50000.0], [59994.5, 35050.0]]"
131,2021-11-18 14:58:13.130,"[[59980.5, 30.0], [59976.0, 10.0], [59975.0, 20100.0], [59970.5, 7260.0], [59966.0, 2000.0], [59965.5, 1000.0], [59964.5, 20000.0], [59962.0, 3000.0], [59960.0, 610.0], [59959.0, 4110.0]]","[[59981.0, 61030.0], [59983.0, 10000.0], [59983.5, 3000.0], [59984.0, 5000.0], [59986.0, 3600.0], [59988.0, 100.0], [59991.0, 90.0], [59991.5, 3720.0], [59993.0, 50000.0], [59994.5, 35050.0]]"
132,2021-11-18 14:58:13.404,"[[59980.5, 30.0], [59976.0, 10.0], [59975.0, 20100.0], [59970.5, 7260.0], [59969.0, 2000.0], [59960.5, 20000.0], [59960.0, 610.0], [59959.0, 4110.0], [59957.5, 4040.0], [59956.5, 8700.0]]","[[59981.0, 61030.0], [59983.0, 10000.0], [59983.5, 3000.0], [59984.0, 5000.0], [59986.0, 3600.0], [59988.0, 100.0], [59991.0, 90.0], [59991.5, 3720.0], [59993.0, 50000.0], [59994.5, 35050.0]]"
133,2021-11-18 14:58:13.798,"[[59980.5, 30.0], [59976.0, 10.0], [59975.0, 20100.0], [59970.5, 7260.0], [59969.0, 2000.0], [59960.5, 20000.0], [59960.0, 1610.0], [59959.0, 4110.0], [59957.5, 4040.0], [59956.5, 8700.0]]","[[59981.0, 137530.0], [59983.0, 10000.0], [59983.5, 3000.0], [59984.0, 5000.0], [59986.0, 3600.0], [59987.5, 20000.0], [59988.0, 100.0], [59991.0, 90.0], [59991.5, 3720.0], [59993.0, 50000.0]]"
134,2021-11-18 14:58:14.103,"[[59980.5, 30.0], [59976.0, 10.0], [59975.0, 20100.0], [59970.5, 7260.0], [59969.0, 2000.0], [59960.5, 20000.0], [59960.0, 1610.0], [59959.0, 4110.0], [59957.5, 1040.0], [59956.5, 8700.0]]","[[59981.0, 137530.0], [59983.0, 10000.0], [59983.5, 3000.0], [59984.0, 5000.0], [59986.0, 3600.0], [59987.5, 20000.0], [59988.0, 100.0], [59991.0, 90.0], [59991.5, 3720.0], [59993.0, 50000.0]]"
135,2021-11-18 14:58:14.419,"[[59980.5, 30.0], [59976.0, 10.0], [59975.0, 20100.0], [59973.0, 2000.0], [59970.5, 7260.0], [59964.0, 21000.0], [59960.0, 610.0], [59959.0, 4110.0], [59957.5, 1040.0], [59956.5, 8700.0]]","[[59981.0, 137530.0], [59983.0, 10000.0], [59983.5, 3000.0], [59984.0, 5000.0], [59986.0, 3600.0], [59987.5, 20000.0], [59988.0, 100.0], [59991.0, 90.0], [59991.5, 3720.0], [59993.0, 50000.0]]"
136,2021-11-18 14:58:14.785,"[[59980.5, 30.0], [59976.0, 10.0], [59975.0, 20100.0], [59973.0, 2000.0], [59970.5, 7260.0], [59964.0, 21000.0], [59960.0, 610.0], [59959.0, 4110.0], [59957.5, 1040.0], [59956.5, 8700.0]]","[[59981.0, 137530.0], [59983.0, 10000.0], [59983.5, 3000.0], [59984.0, 5000.0], [59986.0, 3600.0], [59987.5, 20000.0], [59988.0, 100.0], [59991.0, 90.0], [59991.5, 3720.0], [59993.0, 50000.0]]"
137,2021-11-18 14:58:15.097,"[[59980.5, 30.0], [59976.0, 10.0], [59975.0, 20100.0], [59973.0, 2000.0], [59970.5, 7260.0], [59964.0, 21000.0], [59960.0, 610.0], [59959.0, 4110.0], [59957.5, 1040.0], [59956.5, 8700.0]]","[[59981.0, 137530.0], [59983.0, 10000.0], [59983.5, 3000.0], [59984.0, 5000.0], [59986.0, 3600.0], [59987.5, 20000.0], [59988.0, 100.0], [59991.0, 90.0], [59991.5, 3720.0], [59993.0, 50000.0]]"
138,2021-11-18 14:58:15.400,"[[59980.5, 30.0], [59976.0, 10.0], [59975.0, 20100.0], [59973.0, 2000.0], [59970.5, 7260.0], [59964.0, 20000.0], [59962.0, 1000.0], [59960.0, 610.0], [59959.0, 4110.0], [59957.5, 1040.0]]","[[59981.0, 137530.0], [59983.0, 10000.0], [59983.5, 3000.0], [59984.0, 5000.0], [59986.0, 3600.0], [59987.5, 20000.0], [59988.0, 100.0], [59991.0, 90.0], [59991.5, 3720.0], [59993.0, 50000.0]]"
139,2021-11-18 14:58:15.731,"[[59980.5, 30.0], [59976.0, 10.0], [59975.0, 20100.0], [59973.0, 2000.0], [59970.5, 7260.0], [59962.0, 1000.0], [59960.0, 20610.0], [59959.0, 4110.0], [59957.5, 1040.0], [59956.5, 8700.0]]","[[59981.0, 61030.0], [59983.0, 10000.0], [59983.5, 3000.0], [59984.0, 5000.0], [59986.0, 3600.0], [59987.0, 69990.0], [59987.5, 20000.0], [59988.0, 100.0], [59991.0, 90.0], [59991.5, 3720.0]]"
140,2021-11-18 14:58:16.073,"[[59980.5, 30.0], [59976.0, 10.0], [59975.0, 20100.0], [59973.0, 2000.0], [59970.5, 7260.0], [59962.0, 1000.0], [59960.0, 20610.0], [59959.0, 4110.0], [59957.5, 1040.0], [59956.5, 8700.0]]","[[59981.0, 61030.0], [59983.0, 10000.0], [59983.5, 3000.0], [59984.0, 5000.0], [59986.0, 3600.0], [59987.0, 69990.0], [59987.5, 20000.0], [59988.0, 100.0], [59991.0, 90.0], [59991.5, 3720.0]]"
141,2021-11-18 14:58:16.414,"[[59980.5, 30.0], [59976.0, 10.0], [59975.0, 20100.0], [59973.0, 2000.0], [59970.5, 7260.0], [59962.0, 1000.0], [59960.0, 20610.0], [59959.0, 4110.0], [59957.5, 1040.0], [59956.5, 8700.0]]","[[59981.0, 61030.0], [59983.0, 10000.0], [59983.5, 3000.0], [59984.0, 5000.0], [59986.0, 3600.0], [59987.0, 69990.0], [59987.5, 20000.0], [59988.0, 100.0], [59991.0, 90.0], [59991.5, 3720.0]]"
142,2021-11-18 14:58:16.737,"[[59980.5, 30.0], [59976.0, 10.0], [59975.0, 20100.0], [59973.0, 2000.0], [59970.5, 7260.0], [59963.0, 20000.0], [59962.0, 1000.0], [59960.0, 610.0], [59959.0, 4110.0], [59957.5, 1040.0]]","[[59981.0, 93130.0], [59983.0, 10000.0], [59983.5, 3000.0], [59984.0, 5000.0], [59986.0, 3600.0], [59987.0, 69990.0], [59987.5, 20000.0], [59988.0, 100.0], [59991.0, 90.0], [59991.5, 3720.0]]"
143,2021-11-18 14:58:17.101,"[[59980.5, 30.0], [59976.0, 10.0], [59975.0, 20100.0], [59973.0, 2000.0], [59970.5, 7260.0], [59963.0, 20000.0], [59962.0, 1000.0], [59960.0, 610.0], [59959.0, 4110.0], [59957.5, 1040.0]]","[[59981.0, 93130.0], [59983.0, 10000.0], [59983.5, 3000.0], [59984.0, 5000.0], [59986.0, 3600.0], [59987.0, 69990.0], [59987.5, 20000.0], [59988.0, 100.0], [59991.0, 90.0], [59991.5, 3720.0]]"
144,2021-11-18 14:58:17.319,"[[59980.5, 30.0], [59976.0, 10.0], [59975.0, 20100.0], [59973.0, 2000.0], [59970.5, 7260.0], [59963.0, 20000.0], [59962.0, 1000.0], [59960.0, 610.0], [59959.0, 510.0], [59957.5, 1040.0]]","[[59981.0, 93130.0], [59981.5, 3600.0], [59983.0, 10000.0], [59983.5, 3000.0], [59984.0, 5000.0], [59987.0, 69990.0], [59987.5, 20000.0], [59988.0, 100.0], [59991.0, 90.0], [59991.5, 3720.0]]"
145,2021-11-18 14:58:17.765,"[[59980.5, 30.0], [59976.0, 10.0], [59975.0, 20100.0], [59973.0, 2000.0], [59970.5, 7260.0], [59963.0, 20000.0], [59962.0, 1000.0], [59960.0, 610.0], [59959.0, 510.0], [59957.5, 1040.0]]","[[59981.0, 136730.0], [59981.5, 3600.0], [59983.0, 10000.0], [59983.5, 3000.0], [59984.0, 5000.0], [59987.0, 69990.0], [59987.5, 20000.0], [59988.0, 100.0], [59991.0, 90.0], [59991.5, 3720.0]]"
146,2021-11-18 14:58:18.087,"[[59980.5, 30.0], [59976.0, 10.0], [59975.0, 20100.0], [59973.0, 2000.0], [59970.5, 7260.0], [59963.0, 20000.0], [59962.0, 1000.0], [59960.0, 610.0], [59959.0, 510.0], [59957.5, 1040.0]]","[[59981.0, 93130.0], [59981.5, 3600.0], [59983.0, 10000.0], [59983.5, 3000.0], [59984.0, 5000.0], [59987.0, 69990.0], [59987.5, 20000.0], [59988.0, 100.0], [59991.0, 90.0], [59991.5, 3720.0]]"
147,2021-11-18 14:58:18.423,"[[59980.5, 30.0], [59976.0, 10.0], [59975.0, 20100.0], [59973.0, 2000.0], [59970.5, 7260.0], [59962.0, 1000.0], [59961.5, 20000.0], [59960.0, 610.0], [59959.0, 510.0], [59957.5, 1040.0]]","[[59981.0, 96730.0], [59983.0, 10000.0], [59983.5, 3000.0], [59984.0, 5000.0], [59987.0, 69990.0], [59987.5, 20000.0], [59988.0, 100.0], [59991.0, 90.0], [59991.5, 3720.0], [59993.0, 50000.0]]"
148,2021-11-18 14:58:18.736,"[[59980.5, 30.0], [59976.0, 10.0], [59975.0, 20100.0], [59973.0, 2000.0], [59970.5, 7260.0], [59962.0, 1000.0], [59961.5, 20000.0], [59960.0, 610.0], [59959.0, 510.0], [59957.5, 1040.0]]","[[59981.0, 96730.0], [59983.0, 10000.0], [59983.5, 3000.0], [59984.0, 5000.0], [59987.0, 69990.0], [59987.5, 20000.0], [59988.0, 100.0], [59991.0, 90.0], [59991.5, 3720.0], [59993.0, 50000.0]]"
149,2021-11-18 14:58:19.053,"[[59980.5, 30.0], [59976.0, 10.0], [59975.0, 20100.0], [59973.0, 2000.0], [59970.5, 7260.0], [59962.0, 1000.0], [59961.5, 20000.0], [59960.0, 610.0], [59959.0, 510.0], [59957.5, 1040.0]]","[[59981.0, 96730.0], [59983.0, 10000.0], [59983.5, 3000.0], [59984.0, 5000.0], [59987.0, 69990.0], [59987.5, 20000.0], [59988.0, 100.0], [59991.0, 90.0], [59991.5, 3720.0], [59992.0, 21000.0]]"
150,2021-11-18 14:58:19.417,"[[59980.5, 30.0], [59976.0, 10.0], [59975.0, 20100.0], [59973.0, 2000.0], [59970.5, 7260.0], [59962.0, 1000.0], [59961.5, 20000.0], [59960.0, 610.0], [59959.0, 510.0], [59957.5, 1040.0]]","[[59981.0, 137830.0], [59983.0, 10000.0], [59983.5, 3000.0], [59984.0, 5000.0], [59987.0, 69990.0], [59987.5, 20000.0], [59988.0, 100.0], [59991.0, 90.0], [59991.5, 3720.0], [59992.0, 21000.0]]"
151,2021-11-18 14:58:19.714,"[[59980.5, 30.0], [59976.0, 10.0], [59975.0, 20100.0], [59973.0, 2000.0], [59970.5, 7260.0], [59962.0, 1000.0], [59961.5, 20000.0], [59960.0, 610.0], [59959.0, 510.0], [59957.5, 1040.0]]","[[59981.0, 137830.0], [59983.0, 10000.0], [59983.5, 3000.0], [59984.0, 5000.0], [59987.0, 69990.0], [59987.5, 20000.0], [59988.0, 100.0], [59991.0, 90.0], [59991.5, 3720.0], [59992.0, 21000.0]]"
152,2021-11-18 14:58:20.074,"[[59980.5, 30.0], [59975.0, 20100.0], [59973.0, 2000.0], [59970.5, 7260.0], [59961.5, 20000.0], [59960.0, 610.0], [59959.5, 1000.0], [59959.0, 510.0], [59957.5, 1040.0], [59956.5, 8700.0]]","[[59981.0, 154200.0], [59983.0, 10000.0], [59983.5, 3000.0], [59984.0, 5000.0], [59987.0, 69990.0], [59987.5, 20000.0], [59988.0, 100.0], [59991.0, 90.0], [59991.5, 3720.0], [59992.0, 21000.0]]"
153,2021-11-18 14:58:20.406,"[[59980.5, 30.0], [59975.0, 20100.0], [59973.0, 2000.0], [59970.5, 7260.0], [59960.0, 610.0], [59959.5, 1000.0], [59959.0, 510.0], [59958.5, 20000.0], [59957.5, 1040.0], [59956.5, 8700.0]]","[[59981.0, 148100.0], [59983.0, 10000.0], [59983.5, 3000.0], [59984.0, 5000.0], [59987.0, 69990.0], [59987.5, 20000.0], [59988.0, 100.0], [59991.0, 90.0], [59991.5, 13550.0], [59992.0, 21000.0]]"
154,2021-11-18 14:58:20.693,"[[59980.5, 30.0], [59975.0, 20100.0], [59973.0, 2000.0], [59970.5, 7260.0], [59960.0, 610.0], [59959.5, 1000.0], [59959.0, 510.0], [59958.5, 20000.0], [59957.5, 1040.0], [59956.5, 8700.0]]","[[59981.0, 148100.0], [59983.0, 10000.0], [59983.5, 3000.0], [59984.0, 5000.0], [59987.0, 69990.0], [59987.5, 20000.0], [59988.0, 100.0], [59991.0, 90.0], [59991.5, 13550.0], [59992.0, 21000.0]]"
155,2021-11-18 14:58:21.058,"[[59980.5, 30.0], [59975.0, 20100.0], [59970.5, 7260.0], [59960.0, 610.0], [59959.5, 1000.0], [59959.0, 510.0], [59958.5, 20000.0], [59957.5, 1040.0], [59956.5, 8700.0], [59956.0, 3000.0]]","[[59981.0, 148100.0], [59983.5, 3000.0], [59984.0, 5000.0], [59987.5, 20000.0], [59988.0, 100.0], [59991.0, 90.0], [59991.5, 13550.0], [59992.0, 21000.0], [59993.0, 50000.0], [59994.0, 2310.0]]"
156,2021-11-18 14:58:21.397,"[[59980.5, 30.0], [59975.0, 20100.0], [59970.5, 7260.0], [59964.0, 2000.0], [59960.0, 610.0], [59959.5, 1000.0], [59959.0, 510.0], [59958.5, 20000.0], [59957.5, 1040.0], [59956.5, 8700.0]]","[[59981.0, 169500.0], [59983.0, 10000.0], [59983.5, 3000.0], [59984.0, 5000.0], [59987.5, 20000.0], [59988.0, 100.0], [59991.0, 90.0], [59991.5, 13550.0], [59992.0, 21000.0], [59992.5, 2310.0]]"
157,2021-11-18 14:58:21.731,"[[59980.5, 30.0], [59975.0, 20100.0], [59970.5, 7260.0], [59967.0, 2000.0], [59960.0, 610.0], [59959.5, 1000.0], [59959.0, 510.0], [59958.5, 20000.0], [59957.5, 1040.0], [59956.5, 8700.0]]","[[59981.0, 169500.0], [59983.0, 10000.0], [59983.5, 3000.0], [59984.0, 5000.0], [59987.5, 20000.0], [59988.0, 100.0], [59991.0, 90.0], [59991.5, 34550.0], [59993.0, 50000.0], [59994.0, 2310.0]]"
158,2021-11-18 14:58:22.052,"[[59980.5, 30.0], [59975.0, 20100.0], [59970.5, 7260.0], [59967.0, 2000.0], [59960.0, 610.0], [59959.5, 1000.0], [59959.0, 510.0], [59958.5, 20000.0], [59957.5, 1040.0], [59956.5, 8700.0]]","[[59981.0, 148100.0], [59983.0, 10000.0], [59983.5, 3000.0], [59984.0, 5000.0], [59987.5, 20000.0], [59988.0, 100.0], [59991.0, 90.0], [59991.5, 34550.0], [59993.0, 50000.0], [59994.0, 2310.0]]"
159,2021-11-18 14:58:22.390,"[[59980.5, 30.0], [59975.0, 20100.0], [59971.5, 2000.0], [59970.5, 7260.0], [59960.0, 610.0], [59959.5, 1000.0], [59959.0, 510.0], [59958.5, 20000.0], [59957.5, 1040.0], [59956.5, 8700.0]]","[[59981.0, 153700.0], [59983.0, 10000.0], [59983.5, 3000.0], [59984.0, 5000.0], [59987.5, 20000.0], [59988.0, 100.0], [59991.0, 90.0], [59991.5, 34550.0], [59993.0, 50000.0], [59994.0, 2310.0]]"
160,2021-11-18 14:58:22.628,"[[59980.5, 30.0], [59975.0, 20100.0], [59971.5, 2000.0], [59970.5, 7260.0], [59960.0, 610.0], [59959.5, 1000.0], [59959.0, 510.0], [59958.5, 20000.0], [59957.5, 1040.0], [59956.5, 8700.0]]","[[59981.0, 153700.0], [59983.0, 10000.0], [59983.5, 3000.0], [59984.0, 5000.0], [59987.5, 20000.0], [59988.0, 100.0], [59991.0, 90.0], [59991.5, 34550.0], [59993.0, 50000.0], [59994.0, 2310.0]]"
161,2021-11-18 14:58:22.928,"[[59980.5, 30.0], [59975.0, 20100.0], [59971.5, 2000.0], [59970.5, 7260.0], [59960.0, 610.0], [59959.5, 1000.0], [59959.0, 510.0], [59958.5, 20000.0], [59957.5, 1040.0], [59956.5, 8700.0]]","[[59981.0, 81000.0], [59983.0, 10000.0], [59983.5, 3000.0], [59984.0, 5000.0], [59987.5, 20000.0], [59988.0, 100.0], [59991.0, 90.0], [59991.5, 34550.0], [59993.0, 50000.0], [59994.0, 2310.0]]"
162,2021-11-18 14:58:23.372,"[[59980.5, 30.0], [59975.0, 20100.0], [59971.5, 2000.0], [59970.5, 7260.0], [59960.0, 610.0], [59959.5, 1000.0], [59959.0, 510.0], [59958.5, 20000.0], [59957.5, 1040.0], [59956.5, 8700.0]]","[[59981.0, 133300.0], [59983.0, 10000.0], [59983.5, 3000.0], [59984.0, 5000.0], [59987.5, 20000.0], [59988.0, 100.0], [59991.0, 90.0], [59991.5, 34550.0], [59993.0, 50000.0], [59994.0, 2310.0]]"
163,2021-11-18 14:58:23.713,"[[59980.5, 30.0], [59975.0, 20100.0], [59971.5, 2000.0], [59970.5, 7260.0], [59960.0, 610.0], [59959.5, 1000.0], [59959.0, 510.0], [59957.5, 1040.0], [59956.5, 8700.0], [59956.0, 3000.0]]","[[59981.0, 133300.0], [59983.0, 10000.0], [59983.5, 3000.0], [59984.0, 5000.0], [59987.5, 20000.0], [59988.0, 100.0], [59991.0, 90.0], [59991.5, 34550.0], [59993.0, 50000.0], [59994.0, 2310.0]]"
164,2021-11-18 14:58:23.948,"[[59980.5, 30.0], [59975.0, 20100.0], [59971.5, 2000.0], [59970.5, 7260.0], [59960.0, 610.0], [59959.5, 1000.0], [59959.0, 510.0], [59957.5, 1040.0], [59956.5, 8700.0], [59956.0, 3000.0]]","[[59981.0, 133300.0], [59983.0, 10000.0], [59983.5, 3000.0], [59984.0, 5000.0], [59987.5, 20000.0], [59988.0, 100.0], [59991.0, 90.0], [59991.5, 34550.0], [59992.5, 2260.0], [59993.0, 50000.0]]"
165,2021-11-18 14:58:24.367,"[[59980.5, 30.0], [59975.0, 20100.0], [59971.5, 2000.0], [59970.5, 7260.0], [59960.0, 610.0], [59959.0, 510.0], [59957.5, 1040.0], [59956.5, 9700.0], [59955.5, 20000.0], [59955.0, 138630.0]]","[[59981.0, 146000.0], [59983.0, 10000.0], [59983.5, 3000.0], [59984.0, 5000.0], [59986.0, 15000.0], [59987.5, 20000.0], [59988.0, 100.0], [59991.0, 90.0], [59991.5, 34550.0], [59992.5, 2260.0]]"
166,2021-11-18 14:58:24.598,"[[59980.5, 30.0], [59975.0, 20100.0], [59971.5, 2000.0], [59970.5, 7260.0], [59960.0, 610.0], [59959.0, 510.0], [59957.5, 1040.0], [59956.5, 9700.0], [59955.5, 20000.0], [59955.0, 138630.0]]","[[59981.0, 146000.0], [59983.0, 10000.0], [59983.5, 3000.0], [59984.0, 5000.0], [59986.0, 15000.0], [59987.5, 20000.0], [59988.0, 100.0], [59991.0, 90.0], [59991.5, 34550.0], [59992.5, 2260.0]]"
167,2021-11-18 14:58:25.024,"[[59980.5, 30.0], [59975.0, 20100.0], [59971.5, 2000.0], [59970.5, 7260.0], [59960.0, 610.0], [59959.0, 510.0], [59957.5, 1040.0], [59956.5, 1000.0], [59955.5, 20000.0], [59955.0, 138630.0]]","[[59981.0, 133300.0], [59983.5, 3000.0], [59984.0, 5000.0], [59986.0, 15000.0], [59987.5, 20000.0], [59988.0, 100.0], [59991.0, 90.0], [59991.5, 34550.0], [59993.0, 50000.0], [59994.0, 2240.0]]"
168,2021-11-18 14:58:25.350,"[[59980.5, 30.0], [59975.0, 20100.0], [59971.5, 2000.0], [59970.5, 7260.0], [59960.0, 610.0], [59959.0, 510.0], [59957.5, 1040.0], [59956.5, 1000.0], [59955.5, 20000.0], [59955.0, 138630.0]]","[[59981.0, 162700.0], [59983.5, 3000.0], [59984.0, 5000.0], [59986.0, 15000.0], [59987.5, 20000.0], [59988.0, 100.0], [59989.0, 21000.0], [59991.0, 90.0], [59991.5, 13550.0], [59992.0, 2000.0]]"
169,2021-11-18 14:58:25.695,"[[59975.0, 20100.0], [59963.5, 7260.0], [59963.0, 2000.0], [59960.0, 610.0], [59959.0, 510.0], [59957.5, 1040.0], [59955.0, 138630.0], [59954.5, 4600.0], [59952.5, 100.0], [59952.0, 23000.0]]","[[59975.5, 158170.0], [59976.0, 3000.0], [59976.5, 5000.0], [59981.0, 32960.0], [59986.0, 15000.0], [59986.5, 3000.0], [59988.0, 100.0], [59988.5, 20000.0], [59989.0, 92300.0], [59990.5, 50000.0]]"
