,timestamp,bids,asks
0,2021-11-18 15:05:35.780,"[[59967.5, 70620.0], [59966.5, 1000.0], [59961.5, 3000.0], [59957.0, 3620.0], [59956.5, 90.0], [59955.0, 3600.0], [59954.5, 5000.0], [59951.5, 17670.0], [59950.0, 890.0], [59949.5, 9800.0]]","[[59968.0, 2190.0], [59970.0, 3000.0], [59973.5, 1630.0], [59974.0, 5000.0], [59977.0, 3720.0], [59979.0, 510.0], [59980.0, 1000.0], [59981.5, 3600.0], [59983.0, 30000.0], [59983.5, 9910.0]]"
1,2021-11-18 15:05:35.824,"[[59967.5, 70620.0], [59966.5, 1000.0], [59961.5, 3000.0], [59957.0, 3620.0], [59956.5, 90.0], [59955.0, 3600.0], [59954.5, 5000.0], [59951.5, 17670.0], [59950.0, 890.0], [59949.5, 9800.0]]","[[59968.0, 2190.0], [59970.0, 3000.0], [59973.5, 1630.0], [59974.0, 5000.0], [59977.0, 3720.0], [59979.0, 510.0], [59980.0, 1000.0], [59981.5, 3600.0], [59983.0, 30000.0], [59983.5, 11910.0]]"
2,2021-11-18 15:05:36.148,"[[59967.5, 70620.0], [59966.5, 1000.0], [59961.5, 3000.0], [59957.0, 3620.0], [59956.5, 90.0], [59955.0, 3600.0], [59954.5, 5000.0], [59951.5, 17670.0], [59950.0, 890.0], [59949.5, 9800.0]]","[[59968.0, 2190.0], [59970.0, 3000.0], [59973.5, 1630.0], [59974.0, 5000.0], [59977.0, 3720.0], [59977.5, 2000.0], [59979.0, 510.0], [59980.0, 1000.0], [59981.5, 3600.0], [59983.0, 30000.0]]"
3,2021-11-18 15:05:36.507,"[[59967.5, 70620.0], [59966.5, 1000.0], [59961.5, 3000.0], [59957.0, 3620.0], [59956.5, 90.0], [59955.0, 3600.0], [59954.5, 5000.0], [59951.5, 17670.0], [59950.0, 890.0], [59949.5, 9800.0]]","[[59968.0, 2190.0], [59970.0, 3000.0], [59973.0, 2000.0], [59973.5, 1630.0], [59974.0, 5000.0], [59977.0, 3720.0], [59979.0, 510.0], [59980.0, 1000.0], [59981.5, 3600.0], [59983.0, 30000.0]]"
4,2021-11-18 15:05:36.835,"[[59967.5, 70620.0], [59966.5, 1000.0], [59961.5, 3000.0], [59957.0, 3620.0], [59956.5, 90.0], [59955.0, 3600.0], [59954.5, 5000.0], [59951.5, 17670.0], [59950.0, 890.0], [59949.5, 9800.0]]","[[59968.0, 2190.0], [59970.0, 3000.0], [59973.5, 1630.0], [59974.0, 5000.0], [59977.0, 5720.0], [59979.0, 510.0], [59980.0, 1000.0], [59981.5, 3600.0], [59983.0, 30000.0], [59983.5, 9910.0]]"
5,2021-11-18 15:05:37.134,"[[59967.5, 70620.0], [59966.5, 1000.0], [59961.5, 3000.0], [59957.0, 3620.0], [59956.5, 90.0], [59955.0, 3600.0], [59954.5, 5000.0], [59951.5, 17670.0], [59950.5, 20000.0], [59950.0, 890.0]]","[[59968.0, 2190.0], [59970.0, 3000.0], [59972.0, 1630.0], [59972.5, 10.0], [59973.0, 2000.0], [59974.0, 5000.0], [59977.0, 3720.0], [59979.0, 510.0], [59980.0, 1000.0], [59981.5, 3600.0]]"
6,2021-11-18 15:05:37.486,"[[59967.5, 76020.0], [59966.5, 1000.0], [59961.5, 3000.0], [59957.0, 3620.0], [59956.5, 90.0], [59955.0, 3600.0], [59954.5, 5000.0], [59951.5, 17670.0], [59950.5, 20000.0], [59950.0, 890.0]]","[[59968.0, 2190.0], [59970.0, 3000.0], [59972.0, 1630.0], [59972.5, 10.0], [59974.0, 5000.0], [59977.0, 3720.0], [59977.5, 2000.0], [59979.0, 510.0], [59980.0, 1000.0], [59981.5, 3600.0]]"
7,2021-11-18 15:05:37.829,"[[59967.5, 70620.0], [59966.5, 1000.0], [59961.5, 3000.0], [59957.0, 3620.0], [59956.5, 90.0], [59955.0, 3600.0], [59954.5, 5000.0], [59951.5, 17670.0], [59950.0, 890.0], [59949.5, 9800.0]]","[[59968.0, 2190.0], [59970.0, 3000.0], [59972.0, 1630.0], [59972.5, 10.0], [59974.0, 5000.0], [59977.0, 3720.0], [59977.5, 2000.0], [59979.0, 510.0], [59980.0, 1000.0], [59981.5, 3600.0]]"
8,2021-11-18 15:05:38.149,"[[59967.5, 70620.0], [59966.5, 1000.0], [59961.5, 3000.0], [59957.0, 3620.0], [59956.5, 90.0], [59955.0, 3600.0], [59954.5, 5000.0], [59951.5, 17670.0], [59950.0, 20890.0], [59949.5, 9800.0]]","[[59968.0, 2190.0], [59970.0, 3000.0], [59972.0, 1630.0], [59972.5, 10.0], [59974.0, 5000.0], [59977.0, 3720.0], [59977.5, 2000.0], [59979.0, 510.0], [59980.0, 1000.0], [59981.5, 3600.0]]"
9,2021-11-18 15:05:38.425,"[[59967.5, 70620.0], [59966.5, 1000.0], [59961.5, 3000.0], [59957.0, 3620.0], [59956.5, 90.0], [59955.0, 3600.0], [59954.5, 5000.0], [59951.5, 17670.0], [59950.0, 890.0], [59949.5, 9800.0]]","[[59968.0, 2190.0], [59970.0, 3000.0], [59972.0, 1630.0], [59972.5, 10.0], [59973.0, 2000.0], [59974.0, 5000.0], [59977.0, 3720.0], [59979.0, 510.0], [59980.0, 1000.0], [59981.5, 3600.0]]"
10,2021-11-18 15:05:38.683,"[[59967.5, 70620.0], [59966.5, 1000.0], [59961.5, 3000.0], [59957.0, 3620.0], [59956.5, 90.0], [59955.0, 3600.0], [59954.5, 5000.0], [59951.5, 17670.0], [59950.0, 890.0], [59949.5, 9800.0]]","[[59968.0, 2190.0], [59970.0, 3000.0], [59972.0, 1630.0], [59972.5, 10.0], [59973.0, 2000.0], [59974.0, 5000.0], [59977.0, 3720.0], [59979.0, 510.0], [59980.0, 1000.0], [59981.5, 3600.0]]"
11,2021-11-18 15:05:39.121,"[[59967.5, 44520.0], [59964.0, 1000.0], [59957.5, 3000.0], [59957.0, 3620.0], [59956.5, 90.0], [59955.0, 3600.0], [59954.5, 5000.0], [59951.5, 17670.0], [59950.0, 890.0], [59949.5, 9800.0]]","[[59968.0, 2190.0], [59970.0, 3000.0], [59972.0, 1630.0], [59972.5, 10.0], [59974.0, 5000.0], [59977.0, 3720.0], [59978.0, 2000.0], [59979.0, 510.0], [59980.0, 1000.0], [59981.5, 3600.0]]"
12,2021-11-18 15:05:39.400,"[[59967.5, 44520.0], [59964.0, 1000.0], [59957.5, 3000.0], [59957.0, 3620.0], [59956.5, 90.0], [59955.0, 3600.0], [59954.5, 5000.0], [59951.5, 17670.0], [59950.0, 890.0], [59949.5, 9800.0]]","[[59968.0, 2190.0], [59970.0, 3000.0], [59972.0, 1630.0], [59972.5, 10.0], [59974.0, 5000.0], [59975.0, 2000.0], [59977.0, 3720.0], [59979.0, 510.0], [59980.0, 1000.0], [59981.5, 3600.0]]"
13,2021-11-18 15:05:39.764,"[[59967.5, 44520.0], [59966.0, 1000.0], [59957.5, 3000.0], [59957.0, 3620.0], [59956.5, 90.0], [59955.0, 3600.0], [59954.5, 5000.0], [59951.5, 17670.0], [59950.0, 890.0], [59949.5, 9800.0]]","[[59968.0, 2190.0], [59970.0, 3000.0], [59972.0, 1630.0], [59972.5, 10.0], [59974.0, 5000.0], [59977.0, 3720.0], [59979.0, 510.0], [59980.0, 1000.0], [59981.5, 3600.0], [59982.5, 20000.0]]"
14,2021-11-18 15:05:40.122,"[[59967.5, 44520.0], [59966.0, 1000.0], [59962.0, 30.0], [59957.5, 3000.0], [59957.0, 3620.0], [59956.5, 90.0], [59955.0, 3600.0], [59954.5, 5000.0], [59951.5, 17670.0], [59950.0, 890.0]]","[[59968.0, 2190.0], [59970.0, 3000.0], [59972.0, 1630.0], [59972.5, 10.0], [59973.5, 2000.0], [59974.0, 5000.0], [59976.0, 10000.0], [59977.0, 3720.0], [59979.0, 510.0], [59980.0, 1000.0]]"
15,2021-11-18 15:05:40.409,"[[59967.5, 44520.0], [59966.0, 1000.0], [59962.0, 30.0], [59957.5, 3000.0], [59957.0, 3620.0], [59956.5, 90.0], [59955.5, 9800.0], [59955.0, 3600.0], [59954.5, 5000.0], [59951.5, 17670.0]]","[[59968.0, 2190.0], [59970.0, 4670.0], [59970.5, 2000.0], [59972.5, 10.0], [59974.0, 5000.0], [59976.0, 10000.0], [59977.0, 3720.0], [59979.0, 510.0], [59980.0, 1000.0], [59981.5, 3600.0]]"
16,2021-11-18 15:05:40.731,"[[59967.5, 44520.0], [59966.0, 1000.0], [59962.0, 30.0], [59957.5, 3000.0], [59957.0, 3620.0], [59956.5, 90.0], [59955.5, 9800.0], [59955.0, 3600.0], [59954.5, 5000.0], [59951.5, 17670.0]]","[[59968.0, 2190.0], [59970.0, 4670.0], [59970.5, 2000.0], [59972.5, 10.0], [59974.0, 5000.0], [59976.0, 10000.0], [59977.0, 3720.0], [59979.0, 510.0], [59980.0, 1000.0], [59981.5, 3600.0]]"
17,2021-11-18 15:05:41.069,"[[59967.5, 44520.0], [59966.0, 1000.0], [59962.0, 30.0], [59957.5, 3000.0], [59957.0, 3620.0], [59956.5, 90.0], [59955.5, 9800.0], [59955.0, 3600.0], [59954.5, 5000.0], [59951.5, 17670.0]]","[[59968.0, 2190.0], [59970.0, 4670.0], [59970.5, 2000.0], [59972.5, 10.0], [59974.0, 5000.0], [59976.0, 10000.0], [59977.0, 3720.0], [59979.0, 510.0], [59980.0, 1000.0], [59981.5, 3600.0]]"
18,2021-11-18 15:05:41.464,"[[59967.5, 44520.0], [59966.0, 1000.0], [59962.0, 30.0], [59957.5, 3000.0], [59957.0, 3620.0], [59956.5, 90.0], [59955.5, 9800.0], [59955.0, 3600.0], [59954.5, 5000.0], [59951.5, 17670.0]]","[[59968.0, 2190.0], [59970.0, 4670.0], [59970.5, 2000.0], [59972.5, 10.0], [59974.0, 5000.0], [59976.0, 10000.0], [59977.0, 3720.0], [59979.0, 510.0], [59980.0, 1000.0], [59981.5, 3600.0]]"
19,2021-11-18 15:05:41.670,"[[59967.5, 44520.0], [59966.0, 1000.0], [59962.0, 30.0], [59957.5, 3000.0], [59957.0, 3620.0], [59956.5, 90.0], [59955.5, 9800.0], [59955.0, 3600.0], [59954.5, 5000.0], [59951.5, 17670.0]]","[[59968.0, 2190.0], [59970.0, 4670.0], [59970.5, 2000.0], [59972.5, 10.0], [59974.0, 5000.0], [59976.0, 10000.0], [59977.0, 3720.0], [59979.0, 510.0], [59980.0, 1000.0], [59981.5, 3600.0]]"
20,2021-11-18 15:05:42.120,"[[59967.5, 44520.0], [59963.0, 1000.0], [59962.0, 30.0], [59957.5, 3000.0], [59957.0, 3620.0], [59956.5, 90.0], [59955.5, 9800.0], [59955.0, 3600.0], [59954.5, 5000.0], [59950.0, 890.0]]","[[59968.0, 2190.0], [59970.0, 4670.0], [59970.5, 2000.0], [59972.5, 10.0], [59974.0, 5000.0], [59976.0, 10000.0], [59977.0, 3720.0], [59979.0, 510.0], [59980.0, 1000.0], [59981.5, 3600.0]]"
21,2021-11-18 15:05:42.443,"[[59967.5, 44520.0], [59962.0, 30.0], [59957.5, 3000.0], [59957.0, 3620.0], [59956.5, 90.0], [59955.5, 9800.0], [59955.0, 3600.0], [59954.5, 5000.0], [59950.0, 890.0], [59949.0, 17560.0]]","[[59968.0, 2190.0], [59970.0, 4670.0], [59970.5, 2000.0], [59972.5, 10.0], [59974.0, 5000.0], [59977.0, 3720.0], [59979.0, 20510.0], [59980.0, 1000.0], [59981.5, 3600.0], [59982.5, 299910.0]]"
22,2021-11-18 15:05:42.782,"[[59967.5, 44520.0], [59962.0, 30.0], [59957.5, 3000.0], [59957.0, 3620.0], [59956.5, 90.0], [59955.5, 9800.0], [59955.0, 3600.0], [59954.5, 5000.0], [59950.0, 890.0], [59949.0, 17560.0]]","[[59968.0, 2190.0], [59970.0, 4670.0], [59970.5, 2000.0], [59972.5, 10.0], [59974.0, 5000.0], [59976.0, 10000.0], [59977.0, 3720.0], [59979.0, 20510.0], [59980.0, 1000.0], [59981.5, 3600.0]]"
23,2021-11-18 15:05:43.094,"[[59967.5, 44520.0], [59962.0, 30.0], [59957.5, 3000.0], [59957.0, 3620.0], [59956.5, 90.0], [59955.5, 9800.0], [59955.0, 3600.0], [59954.5, 5000.0], [59950.0, 890.0], [59949.0, 17560.0]]","[[59968.0, 2190.0], [59970.0, 3000.0], [59972.0, 1700.0], [59972.5, 10.0], [59974.0, 5000.0], [59975.0, 2000.0], [59976.0, 10000.0], [59977.0, 3720.0], [59979.0, 20510.0], [59980.0, 1000.0]]"
24,2021-11-18 15:05:43.438,"[[59967.5, 44520.0], [59962.0, 30.0], [59957.5, 3000.0], [59957.0, 3620.0], [59956.5, 90.0], [59955.5, 9800.0], [59955.0, 3600.0], [59954.5, 5000.0], [59950.0, 890.0], [59949.0, 17560.0]]","[[59968.0, 2190.0], [59970.0, 3000.0], [59972.0, 1700.0], [59972.5, 10.0], [59974.0, 5000.0], [59975.5, 2000.0], [59976.0, 10000.0], [59977.0, 3720.0], [59979.0, 20510.0], [59980.0, 1000.0]]"
25,2021-11-18 15:05:43.721,"[[59967.5, 44520.0], [59962.0, 30.0], [59957.5, 3000.0], [59957.0, 3620.0], [59956.5, 90.0], [59955.5, 9800.0], [59955.0, 3600.0], [59954.5, 5000.0], [59950.0, 890.0], [59949.5, 16980.0]]","[[59968.0, 2190.0], [59969.5, 3720.0], [59970.0, 3000.0], [59972.5, 10.0], [59974.0, 5000.0], [59976.0, 10000.0], [59977.0, 3720.0], [59979.0, 20510.0], [59980.0, 1000.0], [59981.5, 3600.0]]"
26,2021-11-18 15:05:44.099,"[[59967.5, 39570.0], [59964.5, 1000.0], [59962.0, 30.0], [59957.5, 3000.0], [59957.0, 3620.0], [59956.5, 90.0], [59955.5, 9800.0], [59955.0, 3600.0], [59954.5, 5000.0], [59950.0, 890.0]]","[[59968.0, 2190.0], [59969.5, 3720.0], [59970.0, 3000.0], [59972.5, 10.0], [59974.0, 5000.0], [59976.0, 10000.0], [59977.0, 3720.0], [59979.0, 510.0], [59980.0, 1000.0], [59981.0, 299900.0]]"
27,2021-11-18 15:05:44.436,"[[59967.5, 39570.0], [59964.5, 1000.0], [59962.0, 30.0], [59957.5, 3000.0], [59957.0, 3620.0], [59956.5, 90.0], [59955.5, 9800.0], [59955.0, 3600.0], [59954.5, 5000.0], [59950.0, 890.0]]","[[59968.0, 2190.0], [59969.5, 3720.0], [59970.0, 3000.0], [59972.5, 10.0], [59974.0, 5000.0], [59976.0, 10000.0], [59977.0, 3720.0], [59979.0, 20510.0], [59980.0, 1000.0], [59981.0, 299900.0]]"
28,2021-11-18 15:05:44.681,"[[59967.5, 39570.0], [59964.5, 1000.0], [59957.5, 3000.0], [59957.0, 3620.0], [59956.5, 90.0], [59955.5, 9800.0], [59955.0, 3600.0], [59954.5, 5000.0], [59950.0, 890.0], [59949.5, 16980.0]]","[[59968.0, 2190.0], [59969.5, 3720.0], [59970.0, 3000.0], [59972.5, 10.0], [59974.0, 5000.0], [59976.0, 10000.0], [59977.0, 3720.0], [59979.0, 20510.0], [59980.0, 1000.0], [59981.0, 299900.0]]"
29,2021-11-18 15:05:45.066,"[[59967.5, 39570.0], [59964.5, 1000.0], [59957.5, 3000.0], [59957.0, 3620.0], [59956.5, 90.0], [59955.5, 9800.0], [59955.0, 3600.0], [59954.5, 5000.0], [59950.0, 890.0], [59949.5, 16980.0]]","[[59968.0, 2190.0], [59969.5, 3720.0], [59970.0, 3000.0], [59972.5, 10.0], [59974.0, 5000.0], [59976.0, 10000.0], [59977.0, 3720.0], [59979.0, 20510.0], [59980.0, 1000.0], [59981.0, 299900.0]]"
30,2021-11-18 15:05:45.417,"[[59967.5, 39570.0], [59962.0, 1000.0], [59958.0, 30.0], [59957.5, 3000.0], [59957.0, 3620.0], [59956.5, 90.0], [59955.5, 9800.0], [59955.0, 3600.0], [59954.5, 5000.0], [59950.0, 890.0]]","[[59968.0, 2190.0], [59969.5, 3720.0], [59970.0, 3000.0], [59972.5, 10.0], [59974.0, 5000.0], [59976.0, 10000.0], [59977.0, 3720.0], [59979.0, 20510.0], [59980.0, 1000.0], [59981.0, 299900.0]]"
31,2021-11-18 15:05:45.748,"[[59967.5, 39570.0], [59962.0, 1000.0], [59958.0, 30.0], [59957.5, 3000.0], [59957.0, 3620.0], [59956.5, 90.0], [59955.5, 9800.0], [59955.0, 3600.0], [59954.5, 5000.0], [59950.0, 890.0]]","[[59968.0, 2190.0], [59969.5, 3720.0], [59970.0, 3000.0], [59972.5, 10.0], [59974.0, 5000.0], [59976.0, 10000.0], [59977.0, 3720.0], [59979.0, 20510.0], [59980.0, 1000.0], [59981.0, 299900.0]]"
32,2021-11-18 15:05:46.047,"[[59967.5, 39570.0], [59962.0, 1000.0], [59958.0, 30.0], [59957.5, 3000.0], [59957.0, 3620.0], [59956.5, 90.0], [59955.5, 9800.0], [59955.0, 3600.0], [59954.5, 5000.0], [59950.0, 890.0]]","[[59968.0, 2190.0], [59969.5, 3720.0], [59970.0, 3000.0], [59972.5, 10.0], [59974.0, 5000.0], [59976.0, 10000.0], [59977.0, 3720.0], [59979.0, 510.0], [59980.0, 1000.0], [59981.0, 299900.0]]"
33,2021-11-18 15:05:46.412,"[[59967.5, 39570.0], [59958.5, 1000.0], [59958.0, 30.0], [59957.0, 3620.0], [59956.5, 90.0], [59955.5, 9800.0], [59955.0, 3600.0], [59952.5, 3000.0], [59950.0, 890.0], [59949.0, 17560.0]]","[[59968.0, 2190.0], [59968.5, 5000.0], [59969.5, 3740.0], [59970.0, 3000.0], [59972.5, 10.0], [59976.0, 10000.0], [59977.0, 3720.0], [59979.0, 20510.0], [59980.0, 1000.0], [59981.0, 299900.0]]"
34,2021-11-18 15:05:46.628,"[[59967.5, 39570.0], [59958.5, 1000.0], [59958.0, 30.0], [59957.0, 3620.0], [59956.5, 90.0], [59955.5, 9800.0], [59955.0, 3600.0], [59952.5, 3000.0], [59950.0, 890.0], [59949.0, 17560.0]]","[[59968.0, 2190.0], [59968.5, 5000.0], [59969.5, 3740.0], [59970.0, 3000.0], [59972.5, 10.0], [59976.0, 10000.0], [59977.0, 3720.0], [59979.0, 20510.0], [59980.0, 1000.0], [59981.0, 299900.0]]"
35,2021-11-18 15:05:47.065,"[[59967.5, 39570.0], [59960.5, 1000.0], [59958.0, 30.0], [59957.0, 3620.0], [59956.5, 90.0], [59955.5, 9800.0], [59955.0, 3600.0], [59952.5, 3000.0], [59950.0, 890.0], [59949.0, 17560.0]]","[[59968.0, 2190.0], [59968.5, 5000.0], [59969.5, 3740.0], [59970.0, 3000.0], [59972.5, 10.0], [59976.0, 10000.0], [59977.0, 3720.0], [59979.0, 20510.0], [59980.0, 1000.0], [59981.0, 299900.0]]"
36,2021-11-18 15:05:47.346,"[[59967.5, 39570.0], [59960.5, 1000.0], [59958.0, 30.0], [59957.0, 3620.0], [59956.5, 90.0], [59955.5, 9800.0], [59955.0, 3600.0], [59952.5, 3000.0], [59950.0, 890.0], [59949.0, 17560.0]]","[[59968.0, 2190.0], [59968.5, 5000.0], [59969.5, 3740.0], [59970.0, 3000.0], [59972.5, 10.0], [59976.0, 10000.0], [59977.0, 3720.0], [59979.0, 20510.0], [59980.0, 1000.0], [59981.0, 299900.0]]"
37,2021-11-18 15:05:47.721,"[[59967.5, 30020.0], [59960.5, 1000.0], [59958.0, 30.0], [59957.0, 3620.0], [59956.5, 90.0], [59955.5, 9800.0], [59955.0, 3600.0], [59952.5, 3000.0], [59950.0, 890.0], [59949.0, 17560.0]]","[[59968.0, 2190.0], [59968.5, 5000.0], [59969.5, 3740.0], [59970.0, 3000.0], [59972.5, 10.0], [59976.0, 10000.0], [59977.0, 3720.0], [59977.5, 20000.0], [59979.0, 510.0], [59980.0, 1000.0]]"
38,2021-11-18 15:05:47.974,"[[59967.5, 30020.0], [59960.5, 1000.0], [59958.0, 30.0], [59957.0, 3620.0], [59956.5, 90.0], [59955.5, 9800.0], [59955.0, 3600.0], [59952.5, 3000.0], [59950.0, 890.0], [59949.0, 17560.0]]","[[59968.0, 2190.0], [59968.5, 5000.0], [59969.5, 3740.0], [59970.0, 3000.0], [59972.5, 10.0], [59976.0, 10000.0], [59977.0, 3720.0], [59977.5, 20000.0], [59979.0, 510.0], [59980.0, 1000.0]]"
39,2021-11-18 15:05:48.303,"[[59967.5, 30020.0], [59960.5, 1000.0], [59958.0, 30.0], [59957.0, 3620.0], [59956.5, 90.0], [59955.5, 9800.0], [59955.0, 3600.0], [59952.5, 3000.0], [59950.0, 890.0], [59949.0, 17560.0]]","[[59968.0, 2190.0], [59968.5, 5000.0], [59969.5, 3740.0], [59970.0, 3000.0], [59972.5, 10.0], [59976.0, 10000.0], [59977.0, 3720.0], [59977.5, 20000.0], [59979.0, 510.0], [59980.0, 1000.0]]"
40,2021-11-18 15:05:48.590,"[[59967.5, 30020.0], [59960.5, 1000.0], [59958.0, 30.0], [59957.0, 3620.0], [59956.5, 90.0], [59955.5, 9800.0], [59955.0, 3600.0], [59952.5, 3000.0], [59950.0, 890.0], [59949.0, 17560.0]]","[[59968.0, 2190.0], [59968.5, 5000.0], [59969.5, 3740.0], [59970.0, 3000.0], [59972.5, 10.0], [59976.0, 10000.0], [59977.0, 3720.0], [59977.5, 20000.0], [59979.0, 510.0], [59980.0, 1000.0]]"
41,2021-11-18 15:05:49.020,"[[59967.5, 30020.0], [59960.5, 1000.0], [59958.0, 30.0], [59957.0, 3620.0], [59956.5, 90.0], [59955.5, 9800.0], [59955.0, 3600.0], [59952.5, 3000.0], [59950.0, 890.0], [59949.0, 17560.0]]","[[59968.0, 2190.0], [59968.5, 5000.0], [59969.5, 3740.0], [59970.0, 3000.0], [59972.5, 10.0], [59977.0, 3720.0], [59977.5, 20000.0], [59979.0, 510.0], [59980.0, 1000.0], [59981.0, 299900.0]]"
42,2021-11-18 15:05:49.349,"[[59967.5, 30020.0], [59960.5, 1000.0], [59958.0, 30.0], [59957.0, 3620.0], [59956.5, 90.0], [59955.5, 9800.0], [59955.0, 3600.0], [59952.5, 3000.0], [59950.0, 890.0], [59949.0, 17560.0]]","[[59968.0, 2190.0], [59968.5, 5000.0], [59969.0, 10000.0], [59969.5, 3740.0], [59970.0, 3000.0], [59972.5, 10.0], [59977.0, 3720.0], [59977.5, 20000.0], [59979.0, 510.0], [59980.0, 1000.0]]"
43,2021-11-18 15:05:49.567,"[[59967.5, 30020.0], [59960.5, 1000.0], [59958.0, 30.0], [59957.0, 3620.0], [59956.5, 90.0], [59955.5, 9800.0], [59955.0, 3600.0], [59952.5, 3000.0], [59950.0, 890.0], [59949.0, 17560.0]]","[[59968.0, 2190.0], [59968.5, 5000.0], [59969.0, 10000.0], [59969.5, 3740.0], [59970.0, 3000.0], [59972.5, 10.0], [59977.0, 3720.0], [59977.5, 20000.0], [59979.0, 510.0], [59980.0, 1000.0]]"
44,2021-11-18 15:05:49.828,"[[59967.5, 30020.0], [59960.5, 1000.0], [59958.0, 30.0], [59957.0, 3620.0], [59956.5, 90.0], [59955.5, 9800.0], [59955.0, 3600.0], [59952.5, 3000.0], [59950.0, 890.0], [59949.0, 17560.0]]","[[59968.0, 2190.0], [59968.5, 5000.0], [59969.5, 3740.0], [59970.0, 3000.0], [59972.5, 10.0], [59977.0, 3720.0], [59977.5, 20000.0], [59979.0, 510.0], [59980.0, 1000.0], [59981.0, 299900.0]]"
45,2021-11-18 15:05:50.364,"[[59967.5, 30020.0], [59960.5, 1000.0], [59958.0, 30.0], [59957.0, 3620.0], [59956.5, 90.0], [59955.5, 9800.0], [59955.0, 3600.0], [59952.5, 3000.0], [59950.0, 890.0], [59949.0, 17560.0]]","[[59968.0, 4190.0], [59968.5, 5000.0], [59969.0, 10000.0], [59969.5, 1740.0], [59970.0, 3000.0], [59972.5, 10.0], [59977.0, 3720.0], [59979.0, 510.0], [59980.0, 1000.0], [59981.0, 299900.0]]"
46,2021-11-18 15:05:50.645,"[[59967.5, 30020.0], [59960.5, 1000.0], [59958.0, 30.0], [59957.0, 3620.0], [59956.5, 90.0], [59955.5, 9800.0], [59955.0, 3600.0], [59952.5, 3000.0], [59950.0, 890.0], [59949.0, 17560.0]]","[[59968.0, 4190.0], [59968.5, 5000.0], [59969.0, 10000.0], [59969.5, 1740.0], [59970.0, 3000.0], [59972.5, 10.0], [59975.0, 20000.0], [59977.0, 3720.0], [59979.0, 510.0], [59980.0, 1000.0]]"
47,2021-11-18 15:05:51.278,"[[59967.5, 30020.0], [59960.5, 1000.0], [59958.0, 30.0], [59957.0, 3620.0], [59956.5, 90.0], [59955.5, 9800.0], [59955.0, 3600.0], [59952.5, 3000.0], [59950.0, 890.0], [59949.0, 17560.0]]","[[59968.0, 4190.0], [59968.5, 5000.0], [59969.0, 10000.0], [59970.0, 3000.0], [59972.0, 1880.0], [59972.5, 10.0], [59975.5, 20000.0], [59977.0, 3720.0], [59979.0, 510.0], [59980.0, 1000.0]]"
48,2021-11-18 15:05:51.871,"[[59967.5, 30020.0], [59960.5, 1000.0], [59958.0, 30.0], [59957.0, 3620.0], [59956.5, 90.0], [59955.5, 9800.0], [59955.0, 3600.0], [59952.5, 3000.0], [59950.0, 890.0], [59949.0, 17560.0]]","[[59968.0, 4190.0], [59968.5, 5000.0], [59969.0, 10000.0], [59970.0, 3000.0], [59972.0, 1880.0], [59972.5, 10.0], [59975.5, 20000.0], [59977.0, 3720.0], [59979.0, 510.0], [59980.0, 1000.0]]"
49,2021-11-18 15:05:52.365,"[[59967.5, 30020.0], [59960.5, 1000.0], [59958.0, 30.0], [59957.0, 3620.0], [59956.5, 90.0], [59955.5, 9800.0], [59955.0, 3600.0], [59952.5, 3000.0], [59950.0, 890.0], [59949.0, 17560.0]]","[[59968.0, 4190.0], [59968.5, 5000.0], [59969.0, 10000.0], [59970.0, 3000.0], [59972.0, 1880.0], [59972.5, 10.0], [59975.5, 20000.0], [59977.0, 3720.0], [59979.0, 510.0], [59980.0, 1000.0]]"
50,2021-11-18 15:05:52.670,"[[59967.5, 30020.0], [59960.5, 1000.0], [59958.0, 30.0], [59957.0, 3620.0], [59956.5, 90.0], [59956.0, 3000.0], [59955.5, 9800.0], [59955.0, 3600.0], [59950.0, 890.0], [59949.0, 17560.0]]","[[59968.0, 4190.0], [59968.5, 5000.0], [59969.0, 10000.0], [59970.0, 3000.0], [59972.0, 1880.0], [59972.5, 10.0], [59975.5, 20000.0], [59977.0, 3720.0], [59979.0, 510.0], [59980.0, 1000.0]]"
51,2021-11-18 15:05:53.028,"[[59967.5, 25020.0], [59960.5, 1000.0], [59958.0, 30.0], [59957.0, 3620.0], [59956.5, 90.0], [59956.0, 3000.0], [59955.5, 9800.0], [59955.0, 3600.0], [59950.0, 890.0], [59948.5, 14670.0]]","[[59968.0, 4190.0], [59968.5, 5000.0], [59969.0, 10000.0], [59970.0, 3000.0], [59972.0, 1880.0], [59972.5, 10.0], [59975.5, 20000.0], [59977.0, 3720.0], [59979.0, 510.0], [59980.0, 1000.0]]"
52,2021-11-18 15:05:53.342,"[[59967.5, 25020.0], [59960.5, 1000.0], [59958.0, 30.0], [59957.0, 3620.0], [59956.0, 3000.0], [59955.5, 9800.0], [59955.0, 3600.0], [59950.0, 890.0], [59948.5, 14670.0], [59948.0, 10520.0]]","[[59968.0, 10390.0], [59968.5, 5000.0], [59969.0, 10000.0], [59970.0, 3000.0], [59972.0, 1880.0], [59972.5, 10.0], [59975.5, 20000.0], [59976.5, 100.0], [59977.0, 3720.0], [59979.0, 300400.0]]"
53,2021-11-18 15:05:53.656,"[[59967.5, 25020.0], [59960.5, 1000.0], [59958.0, 30.0], [59957.0, 3620.0], [59956.0, 3000.0], [59955.5, 9800.0], [59955.0, 3600.0], [59950.0, 890.0], [59948.5, 14670.0], [59948.0, 10520.0]]","[[59968.0, 4190.0], [59968.5, 5000.0], [59969.0, 10000.0], [59970.0, 3000.0], [59972.0, 1880.0], [59972.5, 10.0], [59975.5, 20000.0], [59976.5, 100.0], [59977.0, 3720.0], [59979.0, 510.0]]"
54,2021-11-18 15:05:53.997,"[[59967.5, 25020.0], [59962.5, 1000.0], [59958.0, 30.0], [59957.0, 3620.0], [59956.0, 3000.0], [59955.5, 9800.0], [59955.0, 3600.0], [59950.0, 890.0], [59948.5, 14670.0], [59948.0, 10520.0]]","[[59968.0, 2190.0], [59968.5, 5000.0], [59969.0, 10000.0], [59970.0, 3000.0], [59972.0, 1880.0], [59972.5, 10.0], [59973.0, 2000.0], [59975.5, 20000.0], [59976.5, 100.0], [59977.0, 3720.0]]"
55,2021-11-18 15:05:54.349,"[[59967.5, 30020.0], [59958.0, 30.0], [59957.0, 3620.0], [59956.0, 3000.0], [59955.5, 9800.0], [59955.0, 3600.0], [59950.0, 890.0], [59948.5, 14670.0], [59948.0, 10520.0], [59946.0, 3620.0]]","[[59968.0, 2190.0], [59968.5, 5000.0], [59969.0, 10000.0], [59970.0, 5000.0], [59972.0, 1880.0], [59972.5, 10.0], [59976.5, 100.0], [59977.0, 3720.0], [59979.0, 20510.0], [59980.0, 1000.0]]"
56,2021-11-18 15:05:54.670,"[[59967.5, 30020.0], [59966.0, 1000.0], [59965.0, 3000.0], [59958.0, 30.0], [59957.0, 3620.0], [59955.5, 9800.0], [59955.0, 3600.0], [59954.0, 5000.0], [59950.0, 890.0], [59948.5, 9670.0]]","[[59968.0, 2190.0], [59969.0, 10000.0], [59970.0, 2000.0], [59972.0, 1930.0], [59972.5, 10.0], [59974.5, 3000.0], [59976.5, 100.0], [59977.0, 3720.0], [59979.0, 20510.0], [59980.0, 1000.0]]"
57,2021-11-18 15:05:54.955,"[[59967.5, 30020.0], [59966.0, 1000.0], [59965.0, 3000.0], [59960.0, 5000.0], [59958.0, 30.0], [59957.0, 3620.0], [59955.5, 9800.0], [59955.0, 3600.0], [59951.0, 15340.0], [59950.0, 890.0]]","[[59968.0, 2190.0], [59969.0, 10000.0], [59970.0, 2000.0], [59972.5, 10.0], [59974.5, 3000.0], [59976.0, 1930.0], [59976.5, 100.0], [59977.0, 3720.0], [59979.0, 510.0], [59980.0, 1000.0]]"
58,2021-11-18 15:05:55.338,"[[59967.5, 148090.0], [59966.0, 1000.0], [59965.0, 3000.0], [59960.0, 5000.0], [59958.0, 30.0], [59957.0, 3620.0], [59955.5, 9800.0], [59955.0, 3600.0], [59951.0, 15340.0], [59950.5, 35760.0]]","[[59968.0, 1190.0], [59972.5, 10.0], [59976.0, 1930.0], [59977.0, 3720.0], [59978.5, 3000.0], [59980.0, 1000.0], [59980.5, 5000.0], [59981.5, 3600.0], [59982.0, 20000.0], [59983.5, 9910.0]]"
59,2021-11-18 15:05:55.663,"[[59978.0, 202760.0], [59975.5, 3910.0], [59974.5, 10010.0], [59974.0, 510.0], [59972.5, 1000.0], [59972.0, 131020.0], [59970.0, 131000.0], [59969.5, 3810.0], [59968.0, 9800.0], [59967.5, 75300.0]]","[[59978.5, 3010.0], [59979.5, 1930.0], [59980.0, 1000.0], [59984.0, 3720.0], [59986.0, 20000.0], [59990.0, 1000.0], [59993.0, 15090.0], [59995.0, 96290.0], [59996.0, 7340.0], [59996.5, 32290.0]]"
60,2021-11-18 15:05:56.002,"[[59979.5, 68340.0], [59978.0, 135620.0], [59977.5, 5000.0], [59976.0, 3000.0], [59975.5, 3910.0], [59974.5, 10010.0], [59974.0, 510.0], [59972.5, 1000.0], [59972.0, 131000.0], [59971.5, 90.0]]","[[59980.0, 1010.0], [59985.5, 1920.0], [59986.0, 20000.0], [59990.0, 1000.0], [59992.5, 1000.0], [59996.5, 32290.0], [60000.0, 1010.0], [60000.5, 1270.0], [60001.0, 3000.0], [60001.5, 8770.0]]"
61,2021-11-18 15:05:56.332,"[[59979.5, 199260.0], [59978.0, 136310.0], [59977.5, 5000.0], [59976.0, 3000.0], [59975.5, 3910.0], [59974.5, 10010.0], [59974.0, 510.0], [59973.5, 9500.0], [59972.5, 1000.0], [59972.0, 131000.0]]","[[59980.0, 1000.0], [59990.0, 1000.0], [59990.5, 1000.0], [59996.0, 1920.0], [59997.5, 3000.0], [60000.0, 1010.0], [60000.5, 1270.0], [60003.0, 3600.0], [60004.0, 20000.0], [60007.0, 5000.0]]"
62,2021-11-18 15:05:56.651,"[[59979.5, 200050.0], [59978.0, 135520.0], [59977.5, 5000.0], [59976.0, 3000.0], [59975.5, 3910.0], [59974.5, 10010.0], [59974.0, 510.0], [59973.5, 9500.0], [59972.5, 1000.0], [59972.0, 131000.0]]","[[59980.0, 1240.0], [59990.0, 1000.0], [59993.5, 1000.0], [59996.0, 1920.0], [59997.5, 3000.0], [60000.0, 1010.0], [60000.5, 1270.0], [60001.5, 5000.0], [60003.0, 3600.0], [60004.0, 20000.0]]"
63,2021-11-18 15:05:56.993,"[[59989.5, 49170.0], [59989.0, 3000.0], [59983.5, 5000.0], [59979.5, 131810.0], [59978.0, 134520.0], [59975.5, 3910.0], [59974.5, 10010.0], [59974.0, 510.0], [59973.5, 9500.0], [59972.5, 1000.0]]","[[59990.0, 1000.0], [59997.0, 5430.0], [59997.5, 3000.0], [59999.5, 1920.0], [60000.0, 1010.0], [60000.5, 1270.0], [60001.5, 5000.0], [60003.0, 3600.0], [60004.0, 20000.0], [60009.5, 7340.0]]"
64,2021-11-18 15:05:57.320,"[[59989.5, 54190.0], [59989.0, 3000.0], [59983.5, 5000.0], [59979.5, 131790.0], [59978.0, 134520.0], [59975.5, 3910.0], [59974.5, 10010.0], [59974.0, 510.0], [59973.5, 9500.0], [59972.5, 1000.0]]","[[59990.0, 1000.0], [59997.0, 7350.0], [59997.5, 3000.0], [60000.0, 1010.0], [60000.5, 1270.0], [60001.5, 5000.0], [60003.0, 3600.0], [60004.0, 20000.0], [60004.5, 15090.0], [60006.0, 15470.0]]"
65,2021-11-18 15:05:57.650,"[[59989.5, 54190.0], [59989.0, 3000.0], [59983.5, 5000.0], [59979.5, 131790.0], [59978.0, 134520.0], [59975.5, 3910.0], [59975.0, 16520.0], [59974.5, 10010.0], [59974.0, 510.0], [59973.5, 9500.0]]","[[59990.0, 1000.0], [59997.0, 9350.0], [59997.5, 3000.0], [60000.0, 1010.0], [60000.5, 1270.0], [60001.5, 5000.0], [60003.0, 3600.0], [60004.0, 20000.0], [60004.5, 15090.0], [60006.0, 15470.0]]"
66,2021-11-18 15:05:57.951,"[[59989.5, 59190.0], [59989.0, 3000.0], [59983.5, 5000.0], [59979.5, 131790.0], [59978.0, 134520.0], [59975.5, 3910.0], [59975.0, 16520.0], [59974.5, 10010.0], [59974.0, 510.0], [59973.5, 9500.0]]","[[59990.0, 2000.0], [59994.0, 2000.0], [59997.0, 7350.0], [59997.5, 3000.0], [60000.0, 1010.0], [60000.5, 1270.0], [60001.5, 5000.0], [60003.0, 3600.0], [60004.0, 20000.0], [60004.5, 15090.0]]"
67,2021-11-18 15:05:58.308,"[[59989.5, 122290.0], [59989.0, 3000.0], [59983.5, 5000.0], [59979.5, 131790.0], [59978.0, 134520.0], [59975.5, 3910.0], [59975.0, 16520.0], [59974.5, 10010.0], [59974.0, 510.0], [59973.5, 9500.0]]","[[59990.0, 2000.0], [59994.0, 2000.0], [59997.0, 5430.0], [59997.5, 3000.0], [59999.5, 1920.0], [60000.0, 1010.0], [60000.5, 1270.0], [60001.5, 5000.0], [60003.0, 3600.0], [60004.0, 20000.0]]"
68,2021-11-18 15:05:58.593,"[[59989.5, 122290.0], [59989.0, 3000.0], [59983.5, 5000.0], [59979.5, 131790.0], [59978.0, 134520.0], [59975.5, 3910.0], [59975.0, 16520.0], [59974.5, 10010.0], [59974.0, 510.0], [59973.5, 9500.0]]","[[59990.0, 1000.0], [59992.5, 1000.0], [59997.0, 5430.0], [59997.5, 3000.0], [59999.0, 2000.0], [60000.0, 1010.0], [60000.5, 1270.0], [60001.5, 5000.0], [60003.0, 3600.0], [60004.0, 20000.0]]"
69,2021-11-18 15:05:58.958,"[[59989.5, 32090.0], [59979.5, 131690.0], [59978.0, 139520.0], [59975.5, 3910.0], [59975.0, 16520.0], [59974.5, 10010.0], [59974.0, 510.0], [59973.5, 9500.0], [59971.5, 90.0], [59971.0, 16830.0]]","[[59990.0, 2000.0], [59993.5, 3000.0], [59996.0, 7000.0], [59997.0, 5430.0], [60000.0, 1010.0], [60000.5, 1780.0], [60002.5, 1920.0], [60003.0, 3600.0], [60004.0, 20000.0], [60008.5, 17240.0]]"
70,2021-11-18 15:05:59.304,"[[59989.5, 17140.0], [59982.5, 1000.0], [59979.5, 131690.0], [59978.0, 3620.0], [59976.5, 3000.0], [59975.5, 3910.0], [59974.5, 10010.0], [59974.0, 510.0], [59973.5, 9500.0], [59971.5, 90.0]]","[[59990.0, 12000.0], [59991.5, 2000.0], [59993.5, 3000.0], [59996.0, 5000.0], [59997.0, 5430.0], [59999.5, 1920.0], [60000.0, 1010.0], [60000.5, 1780.0], [60003.0, 3600.0], [60004.0, 10000.0]]"
71,2021-11-18 15:05:59.628,"[[59982.5, 170.0], [59969.0, 10800.0], [59967.5, 31240.0], [59966.0, 9360.0], [59963.0, 3000.0], [59961.0, 20000.0], [59960.0, 3600.0], [59957.5, 90.0], [59957.0, 5000.0], [59949.0, 2000.0]]","[[59983.0, 62930.0], [59983.5, 5000.0], [59985.0, 2000.0], [59986.0, 23000.0], [59987.0, 3600.0], [59987.5, 2380.0], [59988.0, 1170.0], [59990.0, 1000.0], [59992.5, 1920.0], [59993.0, 1020.0]]"
72,2021-11-18 15:05:59.957,"[[59982.5, 170.0], [59971.0, 1000.0], [59966.5, 3000.0], [59962.0, 9800.0], [59961.0, 20000.0], [59960.0, 3600.0], [59958.5, 9360.0], [59958.0, 17630.0], [59957.5, 90.0], [59957.0, 5000.0]]","[[59983.0, 62930.0], [59983.5, 5000.0], [59985.5, 1920.0], [59986.0, 23000.0], [59986.5, 2000.0], [59987.0, 3600.0], [59987.5, 2380.0], [59988.0, 1170.0], [59989.5, 299940.0], [59990.0, 1010.0]]"
73,2021-11-18 15:06:00.269,"[[59982.5, 170.0], [59980.0, 30.0], [59971.0, 1000.0], [59966.5, 3000.0], [59966.0, 2500.0], [59962.0, 9800.0], [59960.5, 17610.0], [59960.0, 3600.0], [59958.0, 17630.0], [59957.5, 90.0]]","[[59983.0, 108930.0], [59983.5, 7000.0], [59986.0, 23000.0], [59987.0, 3600.0], [59987.5, 2380.0], [59990.0, 1010.0], [59991.5, 570.0], [59992.0, 17340.0], [59992.5, 316230.0], [59993.0, 4740.0]]"
74,2021-11-18 15:06:00.611,"[[59982.5, 170.0], [59980.0, 30.0], [59973.5, 1000.0], [59966.5, 3000.0], [59962.0, 9800.0], [59960.5, 26970.0], [59960.0, 3600.0], [59958.0, 17630.0], [59957.5, 90.0], [59957.0, 5000.0]]","[[59983.0, 62930.0], [59983.5, 7000.0], [59986.0, 23000.0], [59986.5, 1900.0], [59987.0, 3600.0], [59987.5, 2380.0], [59990.0, 1010.0], [59991.5, 570.0], [59992.0, 17340.0], [59992.5, 316230.0]]"
75,2021-11-18 15:06:00.954,"[[59982.5, 170.0], [59980.0, 30.0], [59973.5, 1000.0], [59966.5, 3000.0], [59962.0, 9800.0], [59960.5, 17610.0], [59960.0, 3600.0], [59958.5, 17520.0], [59958.0, 17630.0], [59957.5, 90.0]]","[[59983.0, 72930.0], [59983.5, 7000.0], [59986.0, 23000.0], [59986.5, 1900.0], [59987.0, 3600.0], [59987.5, 2380.0], [59990.0, 1010.0], [59991.5, 570.0], [59992.0, 17340.0], [59992.5, 316230.0]]"
76,2021-11-18 15:06:01.286,"[[59982.5, 170.0], [59980.0, 30.0], [59973.5, 1000.0], [59966.5, 3000.0], [59962.0, 9800.0], [59960.5, 17610.0], [59960.0, 3600.0], [59958.5, 17520.0], [59958.0, 17630.0], [59957.5, 90.0]]","[[59983.0, 87930.0], [59983.5, 7000.0], [59986.0, 23000.0], [59986.5, 1900.0], [59987.0, 3600.0], [59987.5, 2380.0], [59990.0, 1010.0], [59991.5, 570.0], [59992.0, 17340.0], [59992.5, 316230.0]]"
77,2021-11-18 15:06:01.604,"[[59982.5, 170.0], [59980.0, 30.0], [59973.5, 1000.0], [59966.5, 3000.0], [59966.0, 2500.0], [59962.0, 9800.0], [59960.5, 17610.0], [59960.0, 3600.0], [59958.5, 17520.0], [59958.0, 17630.0]]","[[59983.0, 89820.0], [59983.5, 7000.0], [59986.0, 23000.0], [59987.0, 3600.0], [59987.5, 2380.0], [59990.0, 1010.0], [59991.5, 570.0], [59992.0, 17340.0], [59992.5, 316230.0], [59993.0, 4740.0]]"
78,2021-11-18 15:06:01.896,"[[59982.5, 170.0], [59980.0, 30.0], [59973.5, 1000.0], [59966.5, 3000.0], [59962.0, 9800.0], [59960.5, 17610.0], [59960.0, 3600.0], [59958.5, 17520.0], [59958.0, 17630.0], [59957.5, 90.0]]","[[59983.0, 74820.0], [59983.5, 7000.0], [59986.0, 23000.0], [59987.0, 3600.0], [59987.5, 302310.0], [59990.0, 1010.0], [59991.5, 570.0], [59992.0, 17340.0], [59992.5, 16270.0], [59993.0, 4740.0]]"
79,2021-11-18 15:06:02.277,"[[59982.5, 170.0], [59980.0, 30.0], [59973.5, 1000.0], [59966.5, 3000.0], [59962.0, 9800.0], [59960.5, 17610.0], [59960.0, 3600.0], [59958.5, 17520.0], [59958.0, 17630.0], [59957.5, 90.0]]","[[59983.0, 125720.0], [59983.5, 7000.0], [59986.0, 23000.0], [59987.0, 3600.0], [59987.5, 302310.0], [59990.0, 1010.0], [59991.5, 570.0], [59992.0, 17340.0], [59992.5, 16270.0], [59993.0, 4740.0]]"
80,2021-11-18 15:06:02.592,"[[59982.5, 170.0], [59980.0, 30.0], [59973.5, 1000.0], [59966.5, 3000.0], [59966.0, 2500.0], [59962.0, 9800.0], [59960.5, 17610.0], [59960.0, 3600.0], [59958.5, 17520.0], [59958.0, 17630.0]]","[[59983.0, 64830.0], [59983.5, 7000.0], [59986.0, 23000.0], [59987.0, 3600.0], [59987.5, 302310.0], [59990.0, 1000.0], [59991.5, 570.0], [59992.0, 17340.0], [59992.5, 16270.0], [59993.0, 4740.0]]"
81,2021-11-18 15:06:02.924,"[[59982.5, 170.0], [59980.0, 30.0], [59973.5, 1000.0], [59966.5, 3000.0], [59962.0, 9800.0], [59960.5, 17610.0], [59960.0, 3600.0], [59958.5, 17520.0], [59958.0, 17630.0], [59957.5, 90.0]]","[[59983.0, 74830.0], [59983.5, 7000.0], [59986.0, 37890.0], [59987.0, 3600.0], [59987.5, 302310.0], [59988.5, 15400.0], [59990.0, 1000.0], [59991.5, 570.0], [59992.0, 17340.0], [59992.5, 16270.0]]"
82,2021-11-18 15:06:03.210,"[[59982.5, 170.0], [59980.0, 30.0], [59973.5, 1000.0], [59966.5, 3000.0], [59960.5, 17610.0], [59960.0, 3600.0], [59958.5, 17520.0], [59958.0, 17630.0], [59957.5, 90.0], [59957.0, 5000.0]]","[[59983.0, 113810.0], [59983.5, 7000.0], [59986.0, 37890.0], [59987.0, 3600.0], [59987.5, 302310.0], [59988.5, 15400.0], [59990.0, 1000.0], [59991.5, 570.0], [59992.0, 17340.0], [59992.5, 16270.0]]"
83,2021-11-18 15:06:03.597,"[[59982.5, 170.0], [59980.0, 30.0], [59973.5, 1000.0], [59966.5, 3000.0], [59966.0, 2500.0], [59960.5, 17610.0], [59958.5, 17520.0], [59958.0, 17630.0], [59957.5, 90.0], [59957.0, 5000.0]]","[[59983.0, 80810.0], [59983.5, 7000.0], [59986.0, 37890.0], [59987.5, 302310.0], [59988.5, 15400.0], [59990.0, 1000.0], [59991.5, 570.0], [59992.0, 17340.0], [59992.5, 16270.0], [59993.0, 4740.0]]"
84,2021-11-18 15:06:03.815,"[[59982.5, 170.0], [59980.0, 30.0], [59973.5, 1000.0], [59966.5, 3000.0], [59960.5, 17610.0], [59958.5, 17520.0], [59958.0, 17630.0], [59957.5, 90.0], [59957.0, 5000.0], [59956.5, 9360.0]]","[[59983.0, 80810.0], [59983.5, 7000.0], [59986.0, 37890.0], [59987.5, 2380.0], [59988.5, 15400.0], [59990.0, 1000.0], [59991.5, 570.0], [59992.0, 17340.0], [59992.5, 16270.0], [59993.0, 4740.0]]"
85,2021-11-18 15:06:04.249,"[[59982.5, 170.0], [59980.0, 30.0], [59973.5, 1000.0], [59966.5, 3000.0], [59960.5, 17610.0], [59958.5, 17520.0], [59958.0, 17630.0], [59957.5, 90.0], [59957.0, 5000.0], [59956.5, 9360.0]]","[[59983.0, 98110.0], [59983.5, 7000.0], [59986.0, 37890.0], [59987.5, 2380.0], [59988.5, 15400.0], [59990.0, 1000.0], [59991.5, 570.0], [59992.0, 17340.0], [59992.5, 316230.0], [59993.0, 4740.0]]"
86,2021-11-18 15:06:04.501,"[[59982.5, 170.0], [59980.0, 30.0], [59973.5, 1000.0], [59966.5, 3000.0], [59960.5, 17610.0], [59958.5, 17520.0], [59958.0, 17630.0], [59957.5, 90.0], [59957.0, 5000.0], [59955.5, 3600.0]]","[[59983.0, 80810.0], [59983.5, 7000.0], [59986.0, 37890.0], [59987.5, 2380.0], [59988.5, 15400.0], [59990.0, 1000.0], [59991.5, 570.0], [59992.0, 17340.0], [59992.5, 316230.0], [59993.0, 4740.0]]"
87,2021-11-18 15:06:04.719,"[[59982.5, 170.0], [59980.0, 30.0], [59973.5, 1000.0], [59966.5, 3000.0], [59966.0, 2500.0], [59960.5, 17610.0], [59958.5, 17520.0], [59958.0, 17630.0], [59957.5, 90.0], [59957.0, 5000.0]]","[[59983.0, 80810.0], [59983.5, 7000.0], [59986.0, 37890.0], [59987.5, 2380.0], [59988.5, 15400.0], [59989.5, 299940.0], [59990.0, 1000.0], [59991.5, 570.0], [59992.0, 17340.0], [59992.5, 16270.0]]"
88,2021-11-18 15:06:05.249,"[[59982.5, 170.0], [59980.0, 30.0], [59973.5, 1000.0], [59966.5, 3000.0], [59966.0, 2500.0], [59960.5, 17610.0], [59958.5, 17520.0], [59958.0, 17630.0], [59957.5, 90.0], [59957.0, 5000.0]]","[[59983.0, 80810.0], [59983.5, 5000.0], [59986.0, 37890.0], [59987.5, 2380.0], [59988.5, 15400.0], [59990.0, 1000.0], [59991.5, 570.0], [59992.0, 17340.0], [59992.5, 16270.0], [59993.0, 4740.0]]"
89,2021-11-18 15:06:05.541,"[[59982.5, 170.0], [59980.0, 30.0], [59976.0, 1000.0], [59971.0, 3000.0], [59964.0, 5000.0], [59960.5, 17610.0], [59958.5, 17520.0], [59958.0, 17630.0], [59957.5, 90.0], [59955.5, 3600.0]]","[[59983.0, 76540.0], [59983.5, 5000.0], [59986.0, 37890.0], [59987.5, 2380.0], [59988.0, 1830.0], [59988.5, 17400.0], [59990.0, 6430.0], [59991.5, 570.0], [59992.0, 17340.0], [59992.5, 16270.0]]"
90,2021-11-18 15:06:05.912,"[[59982.5, 170.0], [59980.0, 30.0], [59978.5, 1000.0], [59971.0, 3000.0], [59966.0, 2500.0], [59964.0, 5000.0], [59960.5, 17610.0], [59958.5, 17520.0], [59958.0, 17630.0], [59957.5, 90.0]]","[[59983.0, 76540.0], [59983.5, 5000.0], [59985.5, 2000.0], [59986.0, 37890.0], [59987.5, 2380.0], [59988.0, 1830.0], [59988.5, 15400.0], [59990.0, 6430.0], [59991.5, 570.0], [59992.0, 17340.0]]"
91,2021-11-18 15:06:06.200,"[[59982.5, 380.0], [59980.0, 30.0], [59978.5, 1000.0], [59971.0, 3000.0], [59964.0, 5000.0], [59960.5, 17610.0], [59958.5, 17520.0], [59958.0, 17630.0], [59957.5, 90.0], [59955.5, 3600.0]]","[[59983.0, 97640.0], [59983.5, 5000.0], [59985.5, 2000.0], [59986.0, 37890.0], [59987.5, 2380.0], [59988.0, 1830.0], [59988.5, 15400.0], [59990.0, 6430.0], [59991.5, 570.0], [59992.0, 17340.0]]"
92,2021-11-18 15:06:06.554,"[[59982.5, 380.0], [59980.0, 30.0], [59978.5, 1000.0], [59971.0, 3000.0], [59965.0, 790.0], [59964.0, 5000.0], [59960.5, 17610.0], [59958.5, 17520.0], [59958.0, 17630.0], [59957.5, 90.0]]","[[59983.0, 86540.0], [59983.5, 5000.0], [59985.5, 2000.0], [59986.0, 37890.0], [59987.5, 2380.0], [59988.0, 1830.0], [59988.5, 15400.0], [59990.0, 6430.0], [59991.5, 570.0], [59993.0, 3020.0]]"
93,2021-11-18 15:06:06.900,"[[59982.5, 380.0], [59980.0, 30.0], [59971.0, 3000.0], [59965.0, 790.0], [59964.0, 5000.0], [59960.5, 17610.0], [59958.5, 17520.0], [59958.0, 17630.0], [59957.5, 90.0], [59955.5, 3600.0]]","[[59983.0, 88370.0], [59983.5, 5000.0], [59985.5, 2000.0], [59986.0, 37890.0], [59987.5, 2380.0], [59988.5, 15400.0], [59990.0, 6430.0], [59991.5, 570.0], [59993.0, 3020.0], [59994.0, 17670.0]]"
94,2021-11-18 15:06:07.235,"[[59982.5, 53600.0], [59980.0, 30.0], [59972.0, 310.0], [59971.0, 3510.0], [59966.0, 2500.0], [59965.0, 790.0], [59964.0, 5000.0], [59963.0, 3600.0], [59960.5, 17610.0], [59960.0, 10010.0]]","[[59983.0, 1010.0], [59986.0, 3000.0], [59989.5, 1830.0], [59990.0, 6430.0], [59990.5, 3600.0], [59993.0, 2000.0], [59994.0, 17670.0], [59994.5, 16920.0], [59995.0, 1000.0], [59996.5, 18040.0]]"
95,2021-11-18 15:06:07.561,"[[59982.5, 64150.0], [59980.0, 30.0], [59979.0, 3000.0], [59978.5, 5000.0], [59972.0, 310.0], [59971.0, 4110.0], [59970.5, 90.0], [59968.5, 20000.0], [59968.0, 90.0], [59967.5, 35960.0]]","[[59983.0, 10.0], [59988.0, 1000.0], [59990.0, 6430.0], [59992.5, 20000.0], [59995.0, 1000.0], [59996.0, 3000.0], [59997.5, 5000.0], [59998.0, 3600.0], [59999.0, 100.0], [59999.5, 30910.0]]"
96,2021-11-18 15:06:07.881,"[[59982.5, 64150.0], [59980.0, 30.0], [59979.0, 3000.0], [59978.5, 5000.0], [59972.0, 310.0], [59971.5, 16580.0], [59971.0, 4110.0], [59970.5, 90.0], [59968.5, 20000.0], [59968.0, 90.0]]","[[59983.0, 10.0], [59988.0, 1000.0], [59990.0, 6430.0], [59992.5, 3000.0], [59995.0, 1000.0], [59997.5, 5000.0], [59998.0, 3600.0], [59999.0, 100.0], [59999.5, 30910.0], [60000.0, 2010.0]]"
97,2021-11-18 15:06:08.183,"[[59982.5, 175550.0], [59980.0, 30.0], [59979.0, 3000.0], [59978.5, 5000.0], [59977.5, 2500.0], [59972.0, 310.0], [59971.5, 16580.0], [59971.0, 4110.0], [59970.5, 90.0], [59968.5, 29360.0]]","[[59983.0, 10.0], [59988.0, 1000.0], [59990.0, 6430.0], [59992.5, 3000.0], [59995.0, 1000.0], [59997.5, 5000.0], [59998.0, 3600.0], [59999.0, 100.0], [59999.5, 30910.0], [60000.0, 2010.0]]"
98,2021-11-18 15:06:08.536,"[[59982.5, 175550.0], [59980.0, 30.0], [59979.0, 3000.0], [59978.5, 5000.0], [59972.0, 310.0], [59971.5, 16580.0], [59971.0, 4110.0], [59970.5, 90.0], [59968.5, 29360.0], [59968.0, 90.0]]","[[59983.0, 10.0], [59986.0, 1000.0], [59990.0, 6430.0], [59992.5, 3000.0], [59995.0, 1000.0], [59997.5, 5000.0], [59998.0, 3600.0], [59999.0, 100.0], [60000.0, 2010.0], [60000.5, 1780.0]]"
99,2021-11-18 15:06:08.870,"[[59982.5, 175550.0], [59980.0, 30.0], [59979.0, 3000.0], [59978.5, 5000.0], [59972.0, 17470.0], [59971.5, 16580.0], [59971.0, 4110.0], [59970.5, 90.0], [59970.0, 2000.0], [59969.0, 16910.0]]","[[59983.0, 10.0], [59988.5, 1000.0], [59990.0, 6430.0], [59992.5, 3000.0], [59995.0, 1000.0], [59997.5, 5000.0], [59998.0, 3600.0], [59999.0, 100.0], [60000.0, 2010.0], [60000.5, 1780.0]]"
100,2021-11-18 15:06:09.219,"[[59988.0, 180740.0], [59982.5, 175050.0], [59980.0, 30.0], [59979.0, 3000.0], [59978.5, 5000.0], [59972.0, 17470.0], [59971.5, 16580.0], [59971.0, 4110.0], [59970.5, 90.0], [59970.0, 2000.0]]","[[59988.5, 1000.0], [59990.0, 6430.0], [59992.5, 3000.0], [59995.0, 1000.0], [59997.5, 5000.0], [59998.0, 3600.0], [59999.0, 100.0], [60000.0, 2010.0], [60000.5, 1780.0], [60002.5, 1830.0]]"
101,2021-11-18 15:06:09.513,"[[59988.0, 181910.0], [59985.5, 3000.0], [59982.5, 111610.0], [59980.0, 30.0], [59978.5, 5000.0], [59972.0, 17470.0], [59971.5, 16580.0], [59971.0, 13910.0], [59970.5, 90.0], [59970.0, 2000.0]]","[[59988.5, 1000.0], [59990.0, 1000.0], [59992.5, 3000.0], [59995.0, 1000.0], [59997.0, 5430.0], [59997.5, 5000.0], [59998.0, 3600.0], [60000.0, 4010.0], [60000.5, 1780.0], [60002.5, 1830.0]]"
102,2021-11-18 15:06:09.872,"[[59988.0, 181910.0], [59985.5, 3000.0], [59982.5, 111610.0], [59980.0, 30.0], [59978.5, 5000.0], [59972.0, 17470.0], [59971.5, 16580.0], [59971.0, 13910.0], [59970.5, 90.0], [59970.0, 2000.0]]","[[59988.5, 1000.0], [59990.0, 1000.0], [59992.5, 3000.0], [59995.0, 1000.0], [59997.0, 7430.0], [59997.5, 5000.0], [59998.0, 3600.0], [60000.0, 2010.0], [60000.5, 1780.0], [60002.5, 1830.0]]"
103,2021-11-18 15:06:10.208,"[[59988.0, 181910.0], [59985.5, 3000.0], [59982.5, 210.0], [59980.0, 30.0], [59978.5, 5000.0], [59974.5, 17130.0], [59972.0, 37470.0], [59971.5, 16580.0], [59971.0, 4110.0], [59970.5, 90.0]]","[[59988.5, 1000.0], [59990.0, 1000.0], [59992.5, 3000.0], [59994.0, 10.0], [59995.0, 1000.0], [59997.0, 5430.0], [59997.5, 5000.0], [59998.0, 3600.0], [60000.0, 2010.0], [60000.5, 1780.0]]"
104,2021-11-18 15:06:10.542,"[[59988.0, 51010.0], [59985.5, 3000.0], [59982.5, 210.0], [59980.0, 30.0], [59978.5, 5000.0], [59972.0, 37470.0], [59971.5, 16580.0], [59971.0, 4110.0], [59970.5, 90.0], [59970.0, 2000.0]]","[[59988.5, 1000.0], [59990.0, 1000.0], [59992.5, 3000.0], [59995.0, 1000.0], [59997.0, 5430.0], [59997.5, 5000.0], [59998.0, 3600.0], [60000.0, 2010.0], [60000.5, 1780.0], [60002.5, 1830.0]]"
105,2021-11-18 15:06:10.856,"[[59988.0, 51010.0], [59985.5, 3000.0], [59982.5, 210.0], [59980.0, 30.0], [59978.5, 5000.0], [59972.0, 17470.0], [59971.5, 16580.0], [59971.0, 4110.0], [59970.5, 90.0], [59970.0, 2000.0]]","[[59988.5, 1000.0], [59990.0, 1000.0], [59992.5, 3000.0], [59995.0, 1000.0], [59997.0, 5430.0], [59997.5, 5000.0], [59998.0, 5600.0], [60000.0, 2010.0], [60000.5, 1780.0], [60002.5, 1830.0]]"
106,2021-11-18 15:06:11.188,"[[59988.0, 125510.0], [59985.5, 3000.0], [59982.5, 210.0], [59980.0, 30.0], [59978.5, 5000.0], [59972.0, 17470.0], [59971.5, 16580.0], [59971.0, 4110.0], [59970.5, 90.0], [59970.0, 22000.0]]","[[59988.5, 1000.0], [59990.0, 1000.0], [59992.5, 3000.0], [59995.0, 3000.0], [59997.0, 5430.0], [59997.5, 5000.0], [59998.0, 3600.0], [60000.0, 2010.0], [60000.5, 1780.0], [60002.5, 1830.0]]"
107,2021-11-18 15:06:11.519,"[[59988.0, 51010.0], [59985.5, 3000.0], [59982.5, 210.0], [59980.0, 30.0], [59978.5, 5000.0], [59972.0, 17470.0], [59971.5, 16580.0], [59971.0, 4110.0], [59970.5, 90.0], [59970.0, 22000.0]]","[[59988.5, 1000.0], [59990.0, 1000.0], [59992.5, 3000.0], [59995.0, 3000.0], [59997.0, 5430.0], [59997.5, 5000.0], [59998.0, 3600.0], [60000.0, 2010.0], [60000.5, 1780.0], [60002.5, 1830.0]]"
108,2021-11-18 15:06:11.796,"[[59988.0, 73860.0], [59985.5, 3000.0], [59982.5, 210.0], [59982.0, 100.0], [59980.0, 30.0], [59978.5, 5000.0], [59978.0, 3600.0], [59973.0, 17320.0], [59972.0, 17470.0], [59971.5, 16580.0]]","[[59988.5, 1050.0], [59990.0, 1000.0], [59992.5, 3000.0], [59995.0, 1000.0], [59997.0, 5430.0], [59997.5, 5000.0], [60000.0, 2010.0], [60000.5, 1780.0], [60002.5, 1830.0], [60003.0, 2000.0]]"
109,2021-11-18 15:06:12.142,"[[59988.0, 73860.0], [59985.5, 3000.0], [59982.5, 210.0], [59982.0, 100.0], [59980.0, 30.0], [59978.5, 5000.0], [59978.0, 3600.0], [59973.0, 17320.0], [59972.0, 17470.0], [59971.5, 16580.0]]","[[59988.5, 1050.0], [59990.0, 1000.0], [59992.5, 3000.0], [59995.0, 1000.0], [59997.0, 5430.0], [59997.5, 5000.0], [60000.0, 2010.0], [60000.5, 1780.0], [60002.5, 1830.0], [60003.0, 2000.0]]"
110,2021-11-18 15:06:12.518,"[[59988.0, 73860.0], [59985.5, 3000.0], [59982.5, 210.0], [59982.0, 100.0], [59980.0, 30.0], [59978.5, 5000.0], [59978.0, 3600.0], [59973.0, 17320.0], [59972.0, 17470.0], [59971.5, 16580.0]]","[[59988.5, 1050.0], [59990.0, 1000.0], [59992.5, 3000.0], [59995.0, 1000.0], [59997.0, 5430.0], [59997.5, 5000.0], [60000.0, 2010.0], [60000.5, 1780.0], [60002.5, 1830.0], [60003.0, 2000.0]]"
111,2021-11-18 15:06:12.850,"[[59988.0, 73860.0], [59985.5, 3000.0], [59982.5, 210.0], [59982.0, 100.0], [59980.0, 30.0], [59978.5, 5000.0], [59978.0, 3600.0], [59973.0, 17320.0], [59972.0, 17470.0], [59971.5, 16580.0]]","[[59988.5, 1050.0], [59990.0, 1000.0], [59992.5, 3000.0], [59995.0, 1000.0], [59997.0, 5430.0], [59997.5, 5000.0], [60000.0, 2010.0], [60000.5, 1780.0], [60001.5, 2000.0], [60002.5, 1830.0]]"
112,2021-11-18 15:06:13.157,"[[59988.0, 107260.0], [59985.5, 3000.0], [59982.5, 210.0], [59982.0, 100.0], [59980.0, 30.0], [59978.5, 5000.0], [59978.0, 3600.0], [59973.0, 17320.0], [59972.0, 17470.0], [59971.5, 16580.0]]","[[59988.5, 1050.0], [59990.0, 1000.0], [59992.5, 3000.0], [59995.0, 1000.0], [59997.0, 5430.0], [59997.5, 5000.0], [59998.5, 2000.0], [60000.0, 2010.0], [60000.5, 1780.0], [60002.5, 1830.0]]"
113,2021-11-18 15:06:13.513,"[[59988.0, 107260.0], [59985.5, 3000.0], [59982.5, 210.0], [59982.0, 100.0], [59980.0, 30.0], [59978.5, 5000.0], [59978.0, 3600.0], [59973.0, 17320.0], [59972.0, 17470.0], [59971.5, 16580.0]]","[[59988.5, 1050.0], [59990.0, 1000.0], [59992.5, 3000.0], [59995.0, 1000.0], [59997.0, 5430.0], [59997.5, 5000.0], [59998.5, 2000.0], [60000.0, 2010.0], [60000.5, 1780.0], [60002.5, 1830.0]]"
114,2021-11-18 15:06:13.838,"[[59988.0, 107260.0], [59985.5, 3000.0], [59982.5, 210.0], [59982.0, 100.0], [59980.0, 30.0], [59978.5, 5000.0], [59978.0, 3600.0], [59973.0, 17320.0], [59972.0, 17470.0], [59971.5, 16580.0]]","[[59988.5, 1050.0], [59990.0, 1000.0], [59992.5, 3000.0], [59995.0, 1000.0], [59997.0, 5430.0], [59997.5, 5000.0], [60000.0, 2010.0], [60000.5, 1780.0], [60002.5, 3830.0], [60003.0, 2000.0]]"
115,2021-11-18 15:06:14.167,"[[59988.0, 107260.0], [59985.5, 3000.0], [59982.5, 210.0], [59982.0, 100.0], [59978.5, 5000.0], [59978.0, 3600.0], [59973.0, 17320.0], [59972.0, 17470.0], [59971.5, 16580.0], [59971.0, 10310.0]]","[[59988.5, 1050.0], [59990.0, 1000.0], [59992.5, 3000.0], [59995.0, 1000.0], [59996.5, 2000.0], [59997.0, 5430.0], [59997.5, 5000.0], [60000.0, 2010.0], [60000.5, 1780.0], [60002.5, 1830.0]]"
116,2021-11-18 15:06:14.495,"[[59988.0, 107260.0], [59985.5, 3000.0], [59982.5, 210.0], [59982.0, 100.0], [59978.5, 5000.0], [59978.0, 3600.0], [59973.0, 17320.0], [59972.0, 17470.0], [59971.5, 16580.0], [59971.0, 10310.0]]","[[59988.5, 1050.0], [59990.0, 1000.0], [59992.5, 3000.0], [59995.0, 1000.0], [59996.5, 2000.0], [59997.0, 5430.0], [59997.5, 5000.0], [60000.0, 2010.0], [60000.5, 1780.0], [60002.5, 1830.0]]"
117,2021-11-18 15:06:14.829,"[[59988.0, 107260.0], [59985.5, 3000.0], [59982.5, 210.0], [59982.0, 130.0], [59978.5, 5000.0], [59978.0, 3600.0], [59973.0, 17320.0], [59972.0, 17470.0], [59971.5, 16580.0], [59971.0, 10310.0]]","[[59988.5, 1050.0], [59990.0, 1000.0], [59992.5, 3000.0], [59995.0, 1000.0], [59996.5, 2000.0], [59997.0, 5430.0], [59997.5, 5000.0], [60000.0, 2010.0], [60000.5, 1780.0], [60002.5, 1830.0]]"
118,2021-11-18 15:06:15.147,"[[59988.0, 132560.0], [59985.5, 3000.0], [59982.5, 210.0], [59982.0, 130.0], [59978.5, 5000.0], [59978.0, 3600.0], [59973.0, 17320.0], [59972.0, 17470.0], [59971.5, 16580.0], [59971.0, 10310.0]]","[[59988.5, 1050.0], [59990.0, 1000.0], [59992.5, 3000.0], [59995.0, 1000.0], [59996.5, 2000.0], [59997.0, 5430.0], [59997.5, 5000.0], [60000.0, 2010.0], [60000.5, 1780.0], [60002.5, 1830.0]]"
119,2021-11-18 15:06:15.331,"[[59988.0, 132870.0], [59985.5, 3000.0], [59982.5, 210.0], [59982.0, 130.0], [59978.5, 5000.0], [59978.0, 3600.0], [59973.0, 17320.0], [59972.0, 17470.0], [59971.5, 16580.0], [59971.0, 10310.0]]","[[59988.5, 1050.0], [59990.0, 1000.0], [59992.5, 3000.0], [59995.0, 1000.0], [59997.0, 5430.0], [59997.5, 5000.0], [60000.0, 2010.0], [60000.5, 1780.0], [60002.5, 1830.0], [60003.0, 2000.0]]"
120,2021-11-18 15:06:15.713,"[[59988.0, 107570.0], [59985.5, 3000.0], [59982.5, 210.0], [59982.0, 130.0], [59978.5, 5000.0], [59978.0, 3600.0], [59973.0, 17320.0], [59972.0, 17470.0], [59971.5, 16580.0], [59971.0, 10310.0]]","[[59988.5, 1050.0], [59990.0, 1000.0], [59992.5, 3000.0], [59995.0, 1000.0], [59997.0, 5430.0], [59997.5, 5000.0], [59998.5, 2000.0], [60000.0, 2010.0], [60000.5, 1780.0], [60002.5, 1830.0]]"
121,2021-11-18 15:06:16.102,"[[59988.0, 74170.0], [59985.5, 3000.0], [59982.5, 210.0], [59982.0, 130.0], [59978.5, 5000.0], [59978.0, 3600.0], [59972.0, 17470.0], [59971.5, 16580.0], [59971.0, 10310.0], [59970.5, 90.0]]","[[59988.5, 1050.0], [59990.0, 1000.0], [59992.5, 3000.0], [59995.0, 1000.0], [59995.5, 2000.0], [59997.0, 5430.0], [59997.5, 5000.0], [60000.0, 2010.0], [60000.5, 1780.0], [60002.5, 1830.0]]"
122,2021-11-18 15:06:16.484,"[[59988.0, 74170.0], [59985.5, 3000.0], [59982.5, 210.0], [59982.0, 130.0], [59978.5, 5000.0], [59978.0, 3600.0], [59972.0, 17470.0], [59971.5, 16580.0], [59971.0, 10310.0], [59970.5, 90.0]]","[[59988.5, 1050.0], [59990.0, 1000.0], [59992.5, 3000.0], [59995.0, 1000.0], [59995.5, 2000.0], [59997.0, 5430.0], [59997.5, 5000.0], [60000.0, 4120.0], [60000.5, 1780.0], [60003.0, 2000.0]]"
123,2021-11-18 15:06:16.816,"[[59988.0, 74170.0], [59985.5, 3000.0], [59982.5, 210.0], [59982.0, 130.0], [59978.5, 5000.0], [59978.0, 3600.0], [59972.0, 17470.0], [59971.5, 16580.0], [59971.0, 10310.0], [59970.5, 90.0]]","[[59988.5, 1050.0], [59990.0, 1000.0], [59992.5, 3000.0], [59995.0, 1000.0], [59995.5, 2000.0], [59997.0, 5430.0], [59997.5, 5000.0], [60000.0, 4120.0], [60000.5, 1780.0], [60003.0, 2000.0]]"
124,2021-11-18 15:06:17.111,"[[59988.0, 74170.0], [59985.5, 3000.0], [59982.5, 210.0], [59982.0, 130.0], [59978.5, 5000.0], [59978.0, 3600.0], [59972.0, 17470.0], [59971.5, 16580.0], [59971.0, 10310.0], [59970.5, 90.0]]","[[59988.5, 1050.0], [59990.0, 1000.0], [59992.5, 3000.0], [59995.0, 1000.0], [59995.5, 2000.0], [59997.0, 5430.0], [59997.5, 5000.0], [60000.0, 4120.0], [60000.5, 1780.0], [60003.0, 2000.0]]"
125,2021-11-18 15:06:17.468,"[[59988.0, 74170.0], [59985.5, 3000.0], [59982.5, 210.0], [59982.0, 130.0], [59978.5, 5000.0], [59978.0, 3600.0], [59972.0, 17470.0], [59971.5, 16580.0], [59971.0, 10310.0], [59970.5, 90.0]]","[[59988.5, 1050.0], [59990.0, 1000.0], [59992.5, 3000.0], [59995.0, 1000.0], [59997.0, 5430.0], [59997.5, 5000.0], [59999.0, 2000.0], [60000.0, 4120.0], [60000.5, 1780.0], [60003.0, 2000.0]]"
126,2021-11-18 15:06:17.626,"[[59988.0, 74170.0], [59985.5, 3000.0], [59982.5, 210.0], [59982.0, 130.0], [59978.5, 5000.0], [59978.0, 3600.0], [59972.0, 17470.0], [59971.5, 16580.0], [59971.0, 10310.0], [59970.5, 90.0]]","[[59988.5, 1050.0], [59990.0, 1000.0], [59992.5, 3000.0], [59995.0, 1000.0], [59996.0, 2000.0], [59997.0, 5430.0], [59997.5, 5000.0], [60000.0, 4120.0], [60000.5, 1780.0], [60003.0, 2000.0]]"
127,2021-11-18 15:06:18.077,"[[59988.0, 115670.0], [59985.5, 3000.0], [59982.5, 210.0], [59982.0, 130.0], [59978.5, 5000.0], [59978.0, 3600.0], [59972.0, 17470.0], [59971.5, 16580.0], [59971.0, 10310.0], [59970.5, 90.0]]","[[59988.5, 1050.0], [59990.0, 1000.0], [59992.5, 3000.0], [59995.0, 1000.0], [59997.0, 5430.0], [59997.5, 5000.0], [60000.0, 6120.0], [60000.5, 1780.0], [60003.0, 2000.0], [60004.0, 10000.0]]"
128,2021-11-18 15:06:18.398,"[[59988.0, 74170.0], [59985.5, 3000.0], [59982.5, 210.0], [59982.0, 130.0], [59978.5, 5000.0], [59978.0, 3600.0], [59972.0, 17470.0], [59971.5, 16580.0], [59971.0, 10310.0], [59970.5, 90.0]]","[[59988.5, 1050.0], [59990.0, 1000.0], [59992.5, 3000.0], [59995.0, 1000.0], [59997.0, 7430.0], [59997.5, 5000.0], [60000.0, 4120.0], [60000.5, 1780.0], [60003.0, 2000.0], [60004.0, 10000.0]]"
129,2021-11-18 15:06:18.718,"[[59988.0, 73860.0], [59985.5, 3000.0], [59982.5, 210.0], [59982.0, 130.0], [59978.5, 5000.0], [59978.0, 3600.0], [59972.0, 17470.0], [59971.5, 16580.0], [59971.0, 10310.0], [59970.5, 90.0]]","[[59988.5, 1050.0], [59990.0, 1000.0], [59992.5, 3000.0], [59995.0, 1000.0], [59997.0, 7430.0], [59997.5, 5000.0], [60000.0, 4120.0], [60000.5, 1780.0], [60003.0, 2000.0], [60004.0, 10000.0]]"
130,2021-11-18 15:06:19.128,"[[59996.5, 22500.0], [59988.5, 115100.0], [59988.0, 28570.0], [59985.5, 3000.0], [59983.0, 100.0], [59982.5, 210.0], [59982.0, 130.0], [59981.5, 9800.0], [59978.5, 5000.0], [59978.0, 3600.0]]","[[59997.0, 121250.0], [59997.5, 5000.0], [59999.5, 2160.0], [60000.0, 2010.0], [60000.5, 1780.0], [60003.0, 2000.0], [60004.0, 10000.0], [60005.0, 6600.0], [60005.5, 570.0], [60006.0, 20000.0]]"
131,2021-11-18 15:06:19.431,"[[59996.5, 22670.0], [59991.0, 1000.0], [59988.5, 115100.0], [59985.5, 3000.0], [59983.0, 100.0], [59982.5, 210.0], [59982.0, 130.0], [59981.5, 9800.0], [59978.5, 5000.0], [59978.0, 3600.0]]","[[59997.0, 134050.0], [59997.5, 5000.0], [59998.5, 2000.0], [60000.0, 2010.0], [60000.5, 1780.0], [60003.0, 2000.0], [60004.0, 10000.0], [60005.0, 4600.0], [60006.0, 20000.0], [60009.0, 2160.0]]"
132,2021-11-18 15:06:19.702,"[[59996.5, 22670.0], [59991.0, 1000.0], [59988.5, 115100.0], [59985.5, 3000.0], [59983.0, 100.0], [59982.5, 210.0], [59982.0, 130.0], [59981.5, 9800.0], [59978.5, 5000.0], [59978.0, 3600.0]]","[[59997.0, 17750.0], [59997.5, 5000.0], [59998.5, 2000.0], [60000.0, 2010.0], [60000.5, 1780.0], [60003.0, 2000.0], [60004.0, 10000.0], [60005.0, 4600.0], [60006.0, 20000.0], [60009.5, 302240.0]]"
133,2021-11-18 15:06:20.076,"[[59996.5, 22670.0], [59991.0, 1000.0], [59985.5, 3000.0], [59983.0, 100.0], [59982.5, 210.0], [59982.0, 130.0], [59981.5, 9800.0], [59978.5, 5000.0], [59978.0, 3600.0], [59972.0, 35050.0]]","[[59997.0, 59460.0], [59997.5, 5000.0], [59998.5, 2000.0], [60000.0, 2010.0], [60000.5, 1780.0], [60003.0, 2000.0], [60004.0, 10000.0], [60005.0, 4600.0], [60006.0, 20000.0], [60009.5, 302240.0]]"
134,2021-11-18 15:06:20.430,"[[59996.5, 17670.0], [59991.0, 1000.0], [59985.5, 3000.0], [59983.0, 100.0], [59982.5, 210.0], [59982.0, 130.0], [59981.5, 9800.0], [59978.5, 5000.0], [59978.0, 3600.0], [59972.0, 35050.0]]","[[59997.0, 74460.0], [59997.5, 5000.0], [59998.5, 2000.0], [60000.0, 4210.0], [60000.5, 1780.0], [60003.0, 302010.0], [60004.0, 10000.0], [60005.0, 4600.0], [60006.0, 20000.0], [60010.0, 16000.0]]"
135,2021-11-18 15:06:20.754,"[[59996.5, 12670.0], [59987.5, 1000.0], [59983.0, 100.0], [59982.5, 210.0], [59982.0, 30.0], [59981.5, 9800.0], [59980.5, 3000.0], [59978.5, 5000.0], [59978.0, 3600.0], [59972.0, 35050.0]]","[[59997.0, 85010.0], [59997.5, 5000.0], [59998.0, 3000.0], [59998.5, 2000.0], [60000.0, 4210.0], [60000.5, 1780.0], [60003.0, 302010.0], [60004.0, 10000.0], [60005.0, 4600.0], [60006.0, 20000.0]]"
136,2021-11-18 15:06:21.111,"[[59996.5, 12670.0], [59987.5, 1000.0], [59983.0, 100.0], [59982.5, 210.0], [59982.0, 30.0], [59981.5, 9800.0], [59980.5, 3000.0], [59978.5, 5000.0], [59978.0, 3600.0], [59972.0, 35050.0]]","[[59997.0, 128010.0], [59997.5, 5000.0], [59998.0, 3000.0], [59998.5, 2000.0], [60000.0, 2010.0], [60000.5, 1780.0], [60003.0, 302010.0], [60005.0, 4600.0], [60006.0, 20000.0], [60009.5, 2210.0]]"
137,2021-11-18 15:06:21.428,"[[59996.5, 170.0], [59987.5, 1000.0], [59983.0, 100.0], [59982.5, 210.0], [59982.0, 30.0], [59981.5, 9800.0], [59980.5, 3000.0], [59978.5, 5000.0], [59978.0, 3600.0], [59972.0, 17890.0]]","[[59997.0, 140390.0], [59997.5, 5000.0], [59998.0, 3000.0], [59998.5, 2000.0], [60000.0, 2010.0], [60000.5, 1780.0], [60003.0, 302010.0], [60005.0, 4600.0], [60006.0, 20000.0], [60009.5, 2210.0]]"
138,2021-11-18 15:06:21.768,"[[59996.5, 170.0], [59984.5, 1000.0], [59982.5, 210.0], [59982.0, 30.0], [59981.5, 9800.0], [59980.5, 3000.0], [59972.5, 5000.0], [59972.0, 310.0], [59971.0, 510.0], [59970.5, 90.0]]","[[59997.0, 163990.0], [59997.5, 7210.0], [59998.0, 3000.0], [59998.5, 2000.0], [59999.5, 299990.0], [60000.0, 2010.0], [60000.5, 1780.0], [60003.0, 2000.0], [60003.5, 15000.0], [60005.0, 1000.0]]"
139,2021-11-18 15:06:22.098,"[[59996.5, 170.0], [59982.5, 210.0], [59982.0, 30.0], [59981.5, 9800.0], [59972.5, 5000.0], [59972.0, 310.0], [59971.0, 510.0], [59970.5, 90.0], [59968.5, 3600.0], [59968.0, 90.0]]","[[59997.0, 498470.0], [59997.5, 7210.0], [59998.0, 3000.0], [59998.5, 2000.0], [60000.0, 2010.0], [60000.5, 1780.0], [60003.0, 2000.0], [60003.5, 15000.0], [60005.0, 1000.0], [60005.5, 15000.0]]"
140,2021-11-18 15:06:22.430,"[[59996.5, 170.0], [59982.5, 210.0], [59982.0, 30.0], [59981.5, 1000.0], [59975.5, 3000.0], [59972.5, 14800.0], [59972.0, 310.0], [59971.0, 510.0], [59970.5, 90.0], [59968.5, 3600.0]]","[[59997.0, 533440.0], [59997.5, 5000.0], [59998.0, 3000.0], [59998.5, 2000.0], [60000.0, 2010.0], [60000.5, 1780.0], [60002.5, 71970.0], [60003.0, 2000.0], [60004.5, 2220.0], [60005.0, 1000.0]]"
141,2021-11-18 15:06:22.762,"[[59982.5, 10280.0], [59982.0, 30.0], [59981.5, 1000.0], [59975.5, 3000.0], [59972.5, 5000.0], [59972.0, 310.0], [59971.0, 510.0], [59970.5, 90.0], [59969.0, 9800.0], [59967.5, 1190.0]]","[[59983.0, 18830.0], [59983.5, 3000.0], [59985.5, 2000.0], [59988.5, 18590.0], [59989.0, 5000.0], [59989.5, 319940.0], [59994.5, 131790.0], [59997.0, 2380.0], [59998.5, 2220.0], [59999.0, 100.0]]"
142,2021-11-18 15:06:23.089,"[[59971.0, 43500.0], [59967.5, 1190.0], [59965.0, 790.0], [59963.0, 510.0], [59961.0, 3600.0], [59960.0, 10320.0], [59956.0, 5000.0], [59955.0, 9360.0], [59954.0, 34310.0], [59953.5, 20090.0]]","[[59971.5, 4950.0], [59977.5, 7060.0], [59983.0, 12390.0], [59985.5, 20000.0], [59986.5, 90.0], [59988.5, 3600.0], [59993.5, 2000.0], [59994.0, 600.0], [59994.5, 990.0], [59996.0, 15000.0]]"
143,2021-11-18 15:06:23.413,"[[59971.0, 43500.0], [59970.0, 1000.0], [59967.0, 3010.0], [59965.0, 790.0], [59963.0, 510.0], [59962.0, 3000.0], [59961.0, 3600.0], [59960.0, 10320.0], [59956.5, 16510.0], [59956.0, 5000.0]]","[[59971.5, 6020.0], [59972.0, 3000.0], [59974.5, 88960.0], [59977.5, 7000.0], [59983.0, 12390.0], [59985.5, 319920.0], [59986.5, 90.0], [59988.5, 3600.0], [59989.0, 14990.0], [59992.5, 2210.0]]"
144,2021-11-18 15:06:23.756,"[[59971.0, 43500.0], [59967.0, 1000.0], [59965.0, 790.0], [59963.0, 510.0], [59962.0, 3000.0], [59961.0, 3600.0], [59960.0, 10320.0], [59956.5, 16510.0], [59956.0, 5000.0], [59954.0, 34310.0]]","[[59971.5, 8020.0], [59972.0, 3000.0], [59974.5, 88960.0], [59977.5, 5000.0], [59983.0, 12390.0], [59985.0, 2210.0], [59985.5, 319920.0], [59986.5, 90.0], [59988.5, 3600.0], [59989.0, 14990.0]]"
145,2021-11-18 15:06:24.085,"[[59960.5, 1320.0], [59960.0, 10010.0], [59958.5, 320.0], [59957.0, 3000.0], [59954.0, 34310.0], [59953.5, 20900.0], [59952.5, 9800.0], [59951.5, 9360.0], [59951.0, 510.0], [59949.5, 5000.0]]","[[59961.0, 9950.0], [59963.5, 5000.0], [59965.5, 1060.0], [59966.5, 3000.0], [59968.0, 2000.0], [59971.5, 5000.0], [59974.0, 510.0], [59974.5, 88960.0], [59976.5, 299880.0], [59980.5, 20000.0]]"
146,2021-11-18 15:06:24.413,"[[59960.5, 136120.0], [59960.0, 10010.0], [59958.0, 320.0], [59953.5, 18000.0], [59952.5, 3000.0], [59951.0, 510.0], [59950.0, 9360.0], [59949.0, 21290.0], [59948.5, 20980.0], [59947.0, 3010.0]]","[[59961.0, 11020.0], [59961.5, 3000.0], [59966.0, 5000.0], [59971.5, 2000.0], [59973.5, 3600.0], [59974.0, 510.0], [59974.5, 88960.0], [59976.5, 299880.0], [59980.5, 20000.0], [59982.5, 9530.0]]"
147,2021-11-18 15:06:24.745,"[[59960.5, 137120.0], [59960.0, 10010.0], [59958.0, 320.0], [59956.0, 3000.0], [59953.5, 18000.0], [59951.0, 510.0], [59949.0, 21290.0], [59948.5, 30340.0], [59947.0, 17430.0], [59946.5, 17660.0]]","[[59961.0, 11020.0], [59966.0, 3000.0], [59971.5, 2000.0], [59972.0, 5000.0], [59973.5, 3600.0], [59974.0, 2510.0], [59974.5, 88960.0], [59976.5, 299880.0], [59980.5, 20000.0], [59982.5, 9530.0]]"
148,2021-11-18 15:06:25.074,"[[59960.5, 137120.0], [59960.0, 10010.0], [59958.0, 320.0], [59956.0, 3000.0], [59953.5, 18000.0], [59951.0, 510.0], [59949.0, 21290.0], [59948.5, 30340.0], [59947.0, 17430.0], [59946.5, 17660.0]]","[[59961.0, 11020.0], [59966.0, 3000.0], [59971.5, 2000.0], [59972.0, 5000.0], [59973.5, 3600.0], [59974.0, 510.0], [59974.5, 88960.0], [59976.0, 10000.0], [59980.5, 20000.0], [59982.0, 580.0]]"
149,2021-11-18 15:06:25.400,"[[59960.5, 137120.0], [59960.0, 10010.0], [59958.0, 320.0], [59956.0, 3000.0], [59953.5, 18000.0], [59951.0, 510.0], [59949.0, 30650.0], [59948.5, 20980.0], [59947.0, 17430.0], [59946.5, 17660.0]]","[[59961.0, 11020.0], [59966.0, 3000.0], [59968.5, 2000.0], [59972.0, 5000.0], [59973.5, 3600.0], [59974.0, 510.0], [59974.5, 88960.0], [59976.0, 10000.0], [59980.5, 20000.0], [59982.0, 580.0]]"
150,2021-11-18 15:06:25.728,"[[59960.5, 137120.0], [59960.0, 10010.0], [59956.0, 3000.0], [59953.5, 18000.0], [59951.0, 510.0], [59949.0, 21290.0], [59948.5, 30340.0], [59947.0, 20440.0], [59946.5, 17660.0], [59946.0, 7220.0]]","[[59961.0, 11020.0], [59966.0, 3000.0], [59972.0, 7000.0], [59973.5, 3600.0], [59974.0, 510.0], [59974.5, 88960.0], [59976.0, 10000.0], [59978.5, 7330.0], [59979.0, 299890.0], [59980.5, 20000.0]]"
151,2021-11-18 15:06:26.064,"[[59960.5, 137120.0], [59960.0, 10010.0], [59956.0, 3000.0], [59953.5, 18000.0], [59951.0, 510.0], [59949.0, 21290.0], [59948.5, 30340.0], [59948.0, 5000.0], [59947.0, 17430.0], [59946.5, 17660.0]]","[[59961.0, 11020.0], [59966.0, 3000.0], [59969.0, 2000.0], [59972.0, 5000.0], [59973.5, 3600.0], [59974.0, 510.0], [59974.5, 88960.0], [59976.0, 10000.0], [59977.5, 20000.0], [59978.5, 7330.0]]"
152,2021-11-18 15:06:26.393,"[[59960.5, 137120.0], [59960.0, 10010.0], [59956.0, 3000.0], [59953.5, 18000.0], [59951.0, 510.0], [59949.0, 21290.0], [59948.5, 30340.0], [59948.0, 5000.0], [59947.0, 17430.0], [59946.5, 17660.0]]","[[59961.0, 11020.0], [59966.0, 3000.0], [59969.0, 2000.0], [59972.0, 5000.0], [59973.5, 3600.0], [59974.0, 510.0], [59974.5, 88960.0], [59976.0, 10000.0], [59977.5, 20000.0], [59978.5, 7330.0]]"
153,2021-11-18 15:06:26.668,"[[59960.5, 137120.0], [59960.0, 10010.0], [59956.0, 3000.0], [59953.5, 18000.0], [59951.0, 510.0], [59949.0, 21290.0], [59948.5, 30340.0], [59948.0, 5000.0], [59947.0, 20440.0], [59946.5, 17660.0]]","[[59961.0, 10020.0], [59967.0, 1000.0], [59972.0, 2000.0], [59973.0, 3000.0], [59973.5, 3600.0], [59974.0, 510.0], [59974.5, 88960.0], [59977.5, 20000.0], [59978.5, 7330.0], [59979.0, 304890.0]]"
154,2021-11-18 15:06:27.052,"[[59960.5, 136800.0], [59960.0, 10010.0], [59956.0, 3000.0], [59953.5, 18000.0], [59951.0, 510.0], [59949.0, 21290.0], [59948.5, 30340.0], [59948.0, 5000.0], [59947.0, 17430.0], [59946.5, 17660.0]]","[[59961.0, 10020.0], [59967.0, 1000.0], [59972.0, 2000.0], [59973.0, 3000.0], [59973.5, 3600.0], [59974.0, 510.0], [59974.5, 88960.0], [59976.0, 10000.0], [59977.5, 20000.0], [59978.5, 7330.0]]"
155,2021-11-18 15:06:27.369,"[[59960.5, 136800.0], [59960.0, 10010.0], [59956.0, 3000.0], [59953.5, 18000.0], [59951.0, 510.0], [59949.0, 21290.0], [59948.5, 30340.0], [59948.0, 5000.0], [59947.0, 17430.0], [59946.5, 17660.0]]","[[59961.0, 10020.0], [59967.0, 1000.0], [59972.0, 2000.0], [59973.0, 3000.0], [59973.5, 3600.0], [59974.0, 510.0], [59974.5, 88960.0], [59976.0, 10000.0], [59977.5, 20000.0], [59978.5, 7330.0]]"
156,2021-11-18 15:06:27.586,"[[59960.5, 136800.0], [59960.0, 10010.0], [59956.0, 3000.0], [59953.5, 18000.0], [59951.0, 510.0], [59949.0, 21290.0], [59948.5, 30340.0], [59948.0, 5000.0], [59947.0, 17430.0], [59946.5, 17660.0]]","[[59961.0, 10020.0], [59967.0, 1000.0], [59972.0, 2000.0], [59973.0, 3000.0], [59973.5, 3600.0], [59974.0, 510.0], [59974.5, 88960.0], [59976.0, 10000.0], [59977.5, 20000.0], [59978.5, 7330.0]]"
157,2021-11-18 15:06:28.019,"[[59960.5, 136800.0], [59960.0, 10010.0], [59956.0, 3000.0], [59953.5, 18000.0], [59951.0, 510.0], [59949.0, 21290.0], [59948.5, 30340.0], [59948.0, 5000.0], [59947.0, 20440.0], [59946.5, 17660.0]]","[[59961.0, 10020.0], [59967.0, 1000.0], [59972.0, 2000.0], [59973.0, 3000.0], [59973.5, 3600.0], [59974.0, 510.0], [59974.5, 88960.0], [59976.0, 10000.0], [59977.5, 20000.0], [59978.5, 7330.0]]"
158,2021-11-18 15:06:28.351,"[[59960.5, 136800.0], [59960.0, 10010.0], [59956.0, 3000.0], [59953.5, 18000.0], [59953.0, 5000.0], [59951.0, 510.0], [59949.0, 21290.0], [59948.5, 30340.0], [59947.0, 20440.0], [59946.5, 17660.0]]","[[59961.0, 10020.0], [59967.0, 1000.0], [59972.0, 2000.0], [59973.0, 3000.0], [59973.5, 3600.0], [59974.0, 510.0], [59974.5, 88960.0], [59976.0, 30000.0], [59978.5, 7330.0], [59979.0, 304890.0]]"
159,2021-11-18 15:06:28.711,"[[59960.5, 6000.0], [59960.0, 10010.0], [59956.0, 3000.0], [59953.5, 18000.0], [59953.0, 5000.0], [59951.0, 510.0], [59949.0, 21290.0], [59948.5, 30340.0], [59947.0, 17430.0], [59946.5, 17660.0]]","[[59961.0, 10020.0], [59967.0, 1000.0], [59969.0, 2000.0], [59973.0, 3000.0], [59973.5, 3600.0], [59974.0, 510.0], [59974.5, 88960.0], [59976.0, 30000.0], [59978.5, 9330.0], [59979.0, 304890.0]]"
160,2021-11-18 15:06:28.919,"[[59960.5, 127900.0], [59960.0, 10010.0], [59956.0, 3000.0], [59953.5, 18000.0], [59953.0, 5000.0], [59951.0, 510.0], [59949.0, 21290.0], [59948.5, 30340.0], [59947.0, 17430.0], [59946.5, 17660.0]]","[[59961.0, 10020.0], [59967.0, 1000.0], [59969.0, 2000.0], [59973.0, 3000.0], [59973.5, 3600.0], [59974.0, 510.0], [59974.5, 88960.0], [59976.0, 30000.0], [59978.5, 7330.0], [59979.0, 304890.0]]"
161,2021-11-18 15:06:29.360,"[[59960.5, 127900.0], [59960.0, 10010.0], [59959.5, 3000.0], [59953.5, 18000.0], [59953.0, 5000.0], [59951.0, 510.0], [59949.0, 21290.0], [59948.5, 30340.0], [59947.0, 20440.0], [59946.5, 17660.0]]","[[59961.0, 10020.0], [59967.0, 1000.0], [59969.0, 2000.0], [59973.0, 3000.0], [59973.5, 3600.0], [59974.0, 510.0], [59974.5, 88960.0], [59976.0, 30000.0], [59978.5, 7330.0], [59979.0, 304890.0]]"
162,2021-11-18 15:06:29.655,"[[59960.5, 127900.0], [59960.0, 10010.0], [59959.5, 3000.0], [59953.5, 18000.0], [59953.0, 5000.0], [59951.0, 510.0], [59949.0, 21290.0], [59948.5, 30340.0], [59947.0, 17430.0], [59946.5, 17660.0]]","[[59961.0, 10020.0], [59967.0, 1000.0], [59969.0, 2000.0], [59973.0, 3000.0], [59973.5, 3600.0], [59974.0, 510.0], [59974.5, 88960.0], [59976.0, 30000.0], [59978.5, 11380.0], [59979.0, 304890.0]]"
163,2021-11-18 15:06:30.033,"[[59960.5, 127900.0], [59960.0, 10010.0], [59959.5, 3000.0], [59953.5, 18000.0], [59953.0, 5000.0], [59951.0, 510.0], [59949.0, 21290.0], [59948.5, 30340.0], [59947.0, 17430.0], [59946.5, 17660.0]]","[[59961.0, 10020.0], [59967.0, 1000.0], [59972.5, 2000.0], [59973.0, 3000.0], [59973.5, 3600.0], [59974.0, 510.0], [59974.5, 88960.0], [59976.0, 30000.0], [59978.5, 7330.0], [59979.0, 304890.0]]"
164,2021-11-18 15:06:30.349,"[[59960.5, 127900.0], [59960.0, 10010.0], [59959.5, 3000.0], [59953.5, 18000.0], [59953.0, 5000.0], [59951.0, 510.0], [59949.0, 21290.0], [59948.5, 30340.0], [59947.0, 20440.0], [59946.5, 17660.0]]","[[59961.0, 10020.0], [59967.0, 1000.0], [59972.5, 2000.0], [59973.0, 3000.0], [59973.5, 3600.0], [59974.0, 510.0], [59974.5, 88960.0], [59976.0, 20000.0], [59978.5, 9380.0], [59979.0, 304890.0]]"
165,2021-11-18 15:06:30.633,"[[59960.5, 127900.0], [59960.0, 10010.0], [59959.5, 3000.0], [59953.5, 18000.0], [59953.0, 5000.0], [59951.0, 510.0], [59949.0, 21290.0], [59948.5, 30340.0], [59947.0, 17430.0], [59946.5, 17660.0]]","[[59961.0, 10020.0], [59966.5, 2000.0], [59967.0, 1000.0], [59969.0, 10000.0], [59972.0, 20000.0], [59973.0, 3000.0], [59973.5, 3600.0], [59974.0, 510.0], [59974.5, 88960.0], [59978.5, 9380.0]]"
166,2021-11-18 15:06:30.985,"[[59960.5, 127900.0], [59960.0, 10010.0], [59959.5, 3000.0], [59953.5, 18000.0], [59953.0, 5000.0], [59951.0, 510.0], [59949.0, 21290.0], [59948.5, 30340.0], [59947.0, 17430.0], [59946.5, 17660.0]]","[[59961.0, 10020.0], [59967.0, 3000.0], [59969.0, 10000.0], [59972.0, 20000.0], [59973.0, 3000.0], [59973.5, 3600.0], [59974.0, 510.0], [59974.5, 88960.0], [59978.5, 9380.0], [59979.0, 304890.0]]"
167,2021-11-18 15:06:31.340,"[[59960.5, 127900.0], [59960.0, 10010.0], [59959.5, 3000.0], [59953.5, 18000.0], [59953.0, 5000.0], [59951.0, 510.0], [59949.0, 21290.0], [59948.5, 30340.0], [59947.0, 17430.0], [59946.5, 17660.0]]","[[59961.0, 10020.0], [59967.0, 1000.0], [59970.5, 2000.0], [59973.0, 3000.0], [59973.5, 3600.0], [59974.0, 510.0], [59974.5, 88960.0], [59978.5, 9330.0], [59979.0, 304890.0], [59982.0, 17280.0]]"
168,2021-11-18 15:06:31.685,"[[59953.5, 1320.0], [59951.0, 320.0], [59949.0, 310.0], [59948.5, 9370.0], [59947.0, 3010.0], [59946.5, 17660.0], [59946.0, 12220.0], [59944.0, 100.0], [59943.0, 33240.0], [59942.5, 9050.0]]","[[59954.0, 22750.0], [59961.0, 70.0], [59961.5, 1000.0], [59962.5, 299810.0], [59965.5, 14980.0], [59966.5, 2000.0], [59971.5, 2100.0], [59973.0, 5720.0], [59973.5, 28600.0], [59974.0, 2130.0]]"
169,2021-11-18 15:06:31.998,"[[59953.5, 320.0], [59947.5, 9360.0], [59947.0, 790.0], [59946.5, 17660.0], [59946.0, 3620.0], [59945.0, 3000.0], [59944.0, 100.0], [59943.5, 17050.0], [59943.0, 16400.0], [59942.5, 9050.0]]","[[59954.0, 62740.0], [59955.0, 1000.0], [59961.0, 5000.0], [59967.0, 5000.0], [59967.5, 3600.0], [59968.5, 299840.0], [59971.5, 100.0], [59972.0, 14990.0], [59973.5, 20000.0], [59974.0, 7850.0]]"
170,2021-11-18 15:06:32.346,"[[59947.0, 5000.0], [59945.5, 1000.0], [59943.5, 9360.0], [59940.0, 1000.0], [59939.5, 3000.0], [59939.0, 510.0], [59938.0, 790.0], [59937.0, 10010.0], [59935.5, 310.0], [59935.0, 20000.0]]","[[59947.5, 30890.0], [59950.0, 4020.0], [59954.0, 2000.0], [59955.0, 299770.0], [59958.5, 100.0], [59959.5, 5000.0], [59960.0, 3600.0], [59961.5, 14980.0], [59962.0, 10000.0], [59962.5, 90.0]]"
171,2021-11-18 15:06:32.671,"[[59947.0, 5000.0], [59945.5, 1000.0], [59940.0, 1000.0], [59939.0, 510.0], [59938.0, 790.0], [59937.0, 10010.0], [59935.5, 310.0], [59935.0, 20000.0], [59934.0, 12980.0], [59933.0, 18050.0]]","[[59947.5, 29890.0], [59950.0, 1020.0], [59954.0, 2000.0], [59958.5, 100.0], [59960.0, 3600.0], [59961.5, 2000.0], [59962.0, 30000.0], [59962.5, 90.0], [59963.0, 299810.0], [59964.0, 14980.0]]"
172,2021-11-18 15:06:32.984,"[[59947.0, 86300.0], [59945.5, 1000.0], [59940.0, 1000.0], [59939.0, 510.0], [59938.0, 790.0], [59937.0, 10010.0], [59935.5, 310.0], [59934.0, 3620.0], [59933.0, 17550.0], [59932.5, 26770.0]]","[[59947.5, 17090.0], [59950.0, 1020.0], [59958.5, 100.0], [59960.0, 3600.0], [59962.0, 30000.0], [59962.5, 90.0], [59969.5, 560.0], [59970.0, 14140.0], [59971.0, 2000.0], [59971.5, 100.0]]"
173,2021-11-18 15:06:33.332,"[[59947.0, 86300.0], [59945.5, 1000.0], [59940.0, 1000.0], [59939.0, 510.0], [59938.0, 790.0], [59937.0, 10010.0], [59935.5, 310.0], [59934.0, 3620.0], [59933.0, 17550.0], [59932.5, 26770.0]]","[[59947.5, 17090.0], [59950.0, 1020.0], [59958.5, 100.0], [59960.0, 3600.0], [59962.0, 30000.0], [59962.5, 90.0], [59963.5, 299810.0], [59965.0, 2000.0], [59966.5, 540.0], [59967.0, 14980.0]]"
174,2021-11-18 15:06:33.665,"[[59947.0, 86300.0], [59945.5, 1000.0], [59940.0, 1000.0], [59939.0, 510.0], [59938.0, 790.0], [59937.0, 10010.0], [59935.5, 310.0], [59934.0, 3620.0], [59933.0, 17550.0], [59932.5, 26770.0]]","[[59947.5, 17090.0], [59950.0, 1020.0], [59958.5, 100.0], [59960.0, 3600.0], [59960.5, 299800.0], [59962.0, 10000.0], [59962.5, 90.0], [59964.0, 17390.0], [59964.5, 17450.0], [59965.0, 2000.0]]"
175,2021-11-18 15:06:33.916,"[[59947.0, 100900.0], [59945.5, 1000.0], [59944.0, 3000.0], [59940.0, 1000.0], [59939.5, 5000.0], [59939.0, 510.0], [59938.0, 790.0], [59937.0, 10010.0], [59935.5, 310.0], [59934.0, 3620.0]]","[[59947.5, 17090.0], [59950.0, 1020.0], [59951.5, 1000.0], [59956.5, 2000.0], [59958.5, 100.0], [59959.0, 3000.0], [59960.0, 3600.0], [59960.5, 299800.0], [59961.5, 20000.0], [59962.0, 10000.0]]"
176,2021-11-18 15:06:34.300,"[[59947.0, 127000.0], [59945.5, 1000.0], [59944.0, 3000.0], [59940.0, 1000.0], [59939.5, 5000.0], [59939.0, 510.0], [59938.0, 790.0], [59937.0, 10010.0], [59935.5, 310.0], [59934.0, 3620.0]]","[[59947.5, 9970.0], [59951.5, 1000.0], [59958.5, 100.0], [59959.0, 5000.0], [59960.0, 3600.0], [59961.5, 20000.0], [59962.0, 10000.0], [59962.5, 299900.0], [59964.0, 17390.0], [59964.5, 17450.0]]"
177,2021-11-18 15:06:34.647,"[[59947.0, 36100.0], [59945.5, 1000.0], [59944.0, 3000.0], [59940.0, 1000.0], [59939.5, 5000.0], [59939.0, 510.0], [59938.0, 790.0], [59937.0, 10010.0], [59935.5, 310.0], [59934.0, 3620.0]]","[[59947.5, 9970.0], [59951.5, 1000.0], [59958.5, 100.0], [59959.0, 5000.0], [59960.0, 3600.0], [59961.5, 20000.0], [59962.0, 10000.0], [59962.5, 299900.0], [59965.5, 5000.0], [59966.0, 14980.0]]"
178,2021-11-18 15:06:34.974,"[[59947.0, 74400.0], [59945.5, 1000.0], [59944.0, 3000.0], [59940.0, 1000.0], [59939.5, 5000.0], [59939.0, 510.0], [59938.0, 790.0], [59937.0, 10010.0], [59935.5, 310.0], [59934.0, 3620.0]]","[[59947.5, 9970.0], [59949.5, 1000.0], [59955.5, 5000.0], [59958.5, 100.0], [59960.0, 8600.0], [59961.5, 20000.0], [59962.0, 27650.0], [59962.5, 299900.0], [59965.5, 17560.0], [59966.0, 14980.0]]"
179,2021-11-18 15:06:35.318,"[[59947.0, 74400.0], [59945.5, 1000.0], [59940.0, 4000.0], [59939.0, 510.0], [59938.0, 790.0], [59937.0, 10010.0], [59935.5, 310.0], [59934.0, 3620.0], [59933.0, 90510.0], [59932.5, 31770.0]]","[[59947.5, 9970.0], [59949.5, 1000.0], [59955.5, 5000.0], [59958.5, 100.0], [59960.0, 8600.0], [59961.5, 20000.0], [59962.0, 27650.0], [59962.5, 299900.0], [59965.0, 17810.0], [59965.5, 17560.0]]"
180,2021-11-18 15:06:35.609,"[[59947.0, 74400.0], [59945.5, 1000.0], [59940.0, 4000.0], [59939.0, 510.0], [59938.0, 790.0], [59937.0, 10010.0], [59935.5, 310.0], [59934.0, 3620.0], [59933.0, 90510.0], [59932.5, 31770.0]]","[[59947.5, 9970.0], [59949.5, 1000.0], [59955.5, 5000.0], [59958.5, 100.0], [59960.0, 8600.0], [59961.5, 20000.0], [59962.0, 27650.0], [59962.5, 299900.0], [59965.0, 17810.0], [59965.5, 17560.0]]"
181,2021-11-18 15:06:35.971,"[[59947.0, 127500.0], [59945.5, 1000.0], [59943.5, 3000.0], [59940.0, 1000.0], [59939.5, 5000.0], [59939.0, 510.0], [59938.0, 790.0], [59937.0, 10010.0], [59935.5, 310.0], [59934.0, 3620.0]]","[[59947.5, 5020.0], [59956.5, 1000.0], [59958.5, 100.0], [59959.5, 3000.0], [59960.0, 3600.0], [59961.5, 20000.0], [59962.0, 10000.0], [59962.5, 2000.0], [59966.5, 540.0], [59967.0, 7340.0]]"
182,2021-11-18 15:06:36.265,"[[59947.0, 127500.0], [59945.5, 1000.0], [59943.5, 3000.0], [59940.0, 1000.0], [59939.5, 5000.0], [59939.0, 510.0], [59938.0, 790.0], [59937.0, 10010.0], [59935.5, 310.0], [59934.0, 24600.0]]","[[59947.5, 5020.0], [59958.5, 100.0], [59960.0, 3600.0], [59961.5, 20000.0], [59962.0, 10000.0], [59962.5, 2000.0], [59966.5, 17060.0], [59967.0, 7340.0], [59967.5, 299830.0], [59968.5, 1000.0]]"
183,2021-11-18 15:06:36.615,"[[59947.0, 74400.0], [59945.5, 1000.0], [59943.5, 3000.0], [59940.0, 1000.0], [59939.5, 5000.0], [59939.0, 510.0], [59938.0, 790.0], [59937.0, 10010.0], [59935.5, 310.0], [59934.0, 24600.0]]","[[59947.5, 5020.0], [59956.0, 2000.0], [59958.5, 100.0], [59960.0, 3600.0], [59961.5, 20000.0], [59962.0, 10000.0], [59966.5, 17060.0], [59969.0, 2020.0], [59969.5, 560.0], [59970.5, 3000.0]]"
184,2021-11-18 15:06:36.815,"[[59947.0, 156700.0], [59945.5, 1000.0], [59943.5, 3000.0], [59940.0, 1000.0], [59939.5, 5000.0], [59939.0, 510.0], [59938.0, 790.0], [59937.0, 10010.0], [59935.5, 310.0], [59934.0, 24600.0]]","[[59947.5, 5020.0], [59956.0, 2000.0], [59958.5, 100.0], [59960.0, 3600.0], [59961.5, 20000.0], [59962.0, 10000.0], [59966.5, 17060.0], [59969.5, 560.0], [59970.5, 3000.0], [59971.0, 17790.0]]"
185,2021-11-18 15:06:37.055,"[[59947.0, 156700.0], [59945.5, 1000.0], [59943.5, 3000.0], [59940.0, 1000.0], [59939.5, 5000.0], [59939.0, 510.0], [59938.0, 790.0], [59937.0, 10010.0], [59935.5, 310.0], [59934.0, 24600.0]]","[[59947.5, 5020.0], [59956.0, 2000.0], [59958.5, 100.0], [59960.0, 3600.0], [59961.5, 20000.0], [59962.0, 10000.0], [59965.5, 7340.0], [59966.0, 69990.0], [59966.5, 17060.0], [59969.5, 560.0]]"
186,2021-11-18 15:06:37.632,"[[59947.0, 156700.0], [59945.5, 1000.0], [59943.5, 3000.0], [59940.0, 1000.0], [59939.5, 5000.0], [59939.0, 510.0], [59938.0, 790.0], [59937.0, 10010.0], [59935.5, 310.0], [59934.0, 24600.0]]","[[59947.5, 5020.0], [59958.5, 100.0], [59960.0, 3600.0], [59962.0, 10000.0], [59964.5, 20000.0], [59965.5, 7340.0], [59966.0, 69990.0], [59966.5, 17060.0], [59968.5, 2000.0], [59969.0, 17000.0]]"
187,2021-11-18 15:06:37.883,"[[59947.0, 156700.0], [59945.5, 1000.0], [59945.0, 5000.0], [59943.5, 3000.0], [59940.0, 1000.0], [59939.0, 510.0], [59938.0, 790.0], [59937.0, 10010.0], [59935.5, 310.0], [59934.0, 24600.0]]","[[59947.5, 5020.0], [59958.5, 100.0], [59960.0, 3600.0], [59962.0, 10000.0], [59964.5, 20000.0], [59965.5, 7340.0], [59966.0, 69990.0], [59968.5, 2000.0], [59969.5, 560.0], [59971.5, 4100.0]]"
188,2021-11-18 15:06:38.294,"[[59947.0, 156700.0], [59945.5, 1000.0], [59945.0, 5000.0], [59943.5, 3000.0], [59940.0, 1000.0], [59939.0, 510.0], [59938.0, 790.0], [59937.0, 10010.0], [59935.5, 310.0], [59934.0, 24600.0]]","[[59947.5, 5020.0], [59958.5, 100.0], [59960.0, 3600.0], [59962.0, 10000.0], [59964.5, 20000.0], [59965.5, 9340.0], [59966.0, 69990.0], [59968.0, 1000.0], [59968.5, 2000.0], [59969.5, 560.0]]"
189,2021-11-18 15:06:38.536,"[[59947.0, 156700.0], [59945.5, 1000.0], [59945.0, 5000.0], [59943.5, 3000.0], [59940.0, 1000.0], [59939.0, 510.0], [59938.0, 790.0], [59937.0, 10010.0], [59935.5, 310.0], [59934.0, 24600.0]]","[[59947.5, 5020.0], [59958.5, 100.0], [59960.0, 3600.0], [59962.0, 10000.0], [59962.5, 2000.0], [59964.5, 20000.0], [59965.5, 7340.0], [59966.0, 69990.0], [59968.5, 3000.0], [59969.5, 560.0]]"
190,2021-11-18 15:06:38.937,"[[59947.0, 156700.0], [59945.5, 1000.0], [59945.0, 5000.0], [59943.5, 3000.0], [59940.0, 1000.0], [59939.0, 510.0], [59938.0, 790.0], [59937.0, 10010.0], [59935.5, 310.0], [59934.0, 24600.0]]","[[59947.5, 5020.0], [59958.5, 100.0], [59960.0, 3600.0], [59962.0, 10000.0], [59964.0, 1000.0], [59964.5, 20000.0], [59965.5, 9340.0], [59966.0, 69990.0], [59969.5, 560.0], [59970.0, 3000.0]]"
191,2021-11-18 15:06:39.281,"[[59959.5, 135700.0], [59958.0, 1000.0], [59954.5, 3000.0], [59947.0, 121390.0], [59945.5, 320.0], [59945.0, 5000.0], [59944.5, 320.0], [59942.0, 23690.0], [59940.5, 100.0], [59940.0, 1000.0]]","[[59960.0, 5150.0], [59969.0, 3600.0], [59970.5, 20000.0], [59971.5, 100.0], [59972.5, 2000.0], [59973.5, 70400.0], [59974.0, 3510.0], [59974.5, 88960.0], [59975.0, 2000.0], [59978.5, 2540.0]]"
192,2021-11-18 15:06:39.614,"[[59959.5, 135700.0], [59958.0, 1000.0], [59957.5, 3000.0], [59951.0, 5000.0], [59947.0, 121390.0], [59945.5, 320.0], [59944.5, 320.0], [59942.0, 23690.0], [59940.5, 2100.0], [59940.0, 1000.0]]","[[59960.0, 5150.0], [59969.0, 3600.0], [59970.5, 20000.0], [59971.5, 100.0], [59972.5, 2000.0], [59973.5, 1000.0], [59974.0, 510.0], [59974.5, 88960.0], [59975.5, 2000.0], [59976.0, 10000.0]]"
193,2021-11-18 15:06:39.864,"[[59959.5, 135700.0], [59958.0, 1000.0], [59957.5, 3000.0], [59951.0, 5000.0], [59947.5, 43570.0], [59947.0, 83090.0], [59945.5, 320.0], [59944.5, 320.0], [59942.0, 23690.0], [59940.5, 2100.0]]","[[59960.0, 5150.0], [59969.0, 3600.0], [59971.5, 100.0], [59972.5, 2000.0], [59973.5, 1000.0], [59974.0, 20510.0], [59974.5, 88960.0], [59975.5, 2000.0], [59976.0, 10000.0], [59978.0, 550.0]]"
194,2021-11-18 15:06:40.253,"[[59959.5, 27800.0], [59958.0, 1000.0], [59957.5, 3000.0], [59951.0, 5000.0], [59947.5, 44070.0], [59947.0, 83090.0], [59945.5, 320.0], [59944.5, 320.0], [59943.0, 16510.0], [59942.5, 9360.0]]","[[59960.0, 5150.0], [59966.0, 2000.0], [59969.0, 3600.0], [59971.0, 1000.0], [59971.5, 100.0], [59973.0, 14180.0], [59974.0, 20510.0], [59974.5, 88960.0], [59975.5, 2000.0], [59976.0, 10000.0]]"
195,2021-11-18 15:06:40.566,"[[59959.5, 41100.0], [59958.0, 1000.0], [59957.5, 3000.0], [59951.0, 5000.0], [59947.5, 43140.0], [59947.0, 83090.0], [59945.5, 320.0], [59944.5, 320.0], [59943.0, 16510.0], [59942.5, 9360.0]]","[[59960.0, 5150.0], [59969.0, 5600.0], [59971.0, 1000.0], [59971.5, 100.0], [59973.0, 14180.0], [59974.0, 20510.0], [59974.5, 88960.0], [59975.5, 2000.0], [59976.0, 10000.0], [59978.0, 14490.0]]"
196,2021-11-18 15:06:40.910,"[[59959.5, 41100.0], [59958.0, 1000.0], [59957.5, 3000.0], [59951.0, 5000.0], [59947.5, 42920.0], [59947.0, 790.0], [59945.5, 320.0], [59945.0, 34540.0], [59944.5, 320.0], [59943.0, 16510.0]]","[[59960.0, 5150.0], [59967.5, 2000.0], [59968.5, 1000.0], [59969.0, 3600.0], [59971.5, 100.0], [59973.0, 14180.0], [59974.0, 20510.0], [59974.5, 88960.0], [59975.5, 5000.0], [59976.0, 10000.0]]"
197,2021-11-18 15:06:41.243,"[[59959.5, 41100.0], [59958.0, 1000.0], [59957.5, 3000.0], [59951.0, 5000.0], [59947.0, 790.0], [59945.5, 44210.0], [59945.0, 34540.0], [59944.5, 320.0], [59943.0, 16510.0], [59942.5, 9360.0]]","[[59960.0, 5150.0], [59967.5, 2000.0], [59968.5, 1000.0], [59969.0, 3600.0], [59971.5, 100.0], [59973.0, 14180.0], [59974.0, 510.0], [59974.5, 88960.0], [59975.5, 5000.0], [59976.0, 10000.0]]"
198,2021-11-18 15:06:41.590,"[[59959.5, 41100.0], [59958.0, 1000.0], [59957.5, 3000.0], [59951.0, 5000.0], [59947.0, 790.0], [59945.5, 44210.0], [59945.0, 34540.0], [59944.5, 320.0], [59943.0, 16510.0], [59942.5, 9360.0]]","[[59960.0, 5150.0], [59964.5, 2000.0], [59968.5, 1000.0], [59969.0, 3600.0], [59971.5, 100.0], [59973.0, 14180.0], [59974.0, 510.0], [59974.5, 88960.0], [59975.0, 20000.0], [59975.5, 5000.0]]"
199,2021-11-18 15:06:41.893,"[[59959.5, 85500.0], [59958.0, 1000.0], [59957.5, 3000.0], [59951.0, 5000.0], [59947.0, 790.0], [59945.5, 44210.0], [59945.0, 34540.0], [59944.5, 320.0], [59943.0, 16510.0], [59942.5, 9360.0]]","[[59960.0, 5150.0], [59964.5, 2000.0], [59968.5, 1000.0], [59969.0, 3600.0], [59971.5, 100.0], [59973.0, 14180.0], [59974.0, 510.0], [59974.5, 88960.0], [59975.0, 20000.0], [59975.5, 5000.0]]"
200,2021-11-18 15:06:42.258,"[[59959.5, 85500.0], [59958.0, 1000.0], [59957.5, 3000.0], [59951.0, 5000.0], [59947.0, 790.0], [59945.5, 44210.0], [59945.0, 34540.0], [59944.5, 320.0], [59943.0, 16510.0], [59942.5, 9360.0]]","[[59960.0, 5150.0], [59964.5, 2000.0], [59968.5, 1000.0], [59969.0, 3600.0], [59971.5, 100.0], [59973.0, 14180.0], [59974.0, 510.0], [59974.5, 88960.0], [59975.0, 20000.0], [59975.5, 5000.0]]"
201,2021-11-18 15:06:42.489,"[[59959.5, 85500.0], [59958.0, 1000.0], [59957.5, 3000.0], [59951.0, 5000.0], [59947.0, 790.0], [59945.5, 44210.0], [59945.0, 34540.0], [59944.5, 320.0], [59943.0, 16510.0], [59942.5, 9360.0]]","[[59960.0, 5150.0], [59964.5, 2000.0], [59968.5, 1000.0], [59969.0, 3600.0], [59971.5, 100.0], [59973.0, 14180.0], [59974.0, 510.0], [59974.5, 88960.0], [59975.0, 20000.0], [59975.5, 5000.0]]"
202,2021-11-18 15:06:42.856,"[[59959.5, 58700.0], [59958.0, 1000.0], [59957.5, 3000.0], [59951.0, 5000.0], [59947.0, 790.0], [59945.5, 44210.0], [59945.0, 34540.0], [59944.5, 320.0], [59943.0, 16510.0], [59942.5, 9360.0]]","[[59960.0, 5150.0], [59964.5, 2000.0], [59968.5, 1000.0], [59969.0, 3600.0], [59971.5, 100.0], [59973.0, 14180.0], [59974.0, 510.0], [59974.5, 88960.0], [59975.0, 20000.0], [59975.5, 5000.0]]"
203,2021-11-18 15:06:43.226,"[[59959.5, 41100.0], [59958.0, 1000.0], [59951.5, 3000.0], [59951.0, 5000.0], [59947.0, 790.0], [59945.5, 44210.0], [59945.0, 34540.0], [59944.5, 320.0], [59943.0, 16510.0], [59942.5, 9360.0]]","[[59960.0, 5150.0], [59963.5, 1000.0], [59964.5, 2000.0], [59969.0, 3600.0], [59969.5, 3000.0], [59971.5, 100.0], [59973.0, 14180.0], [59974.0, 510.0], [59974.5, 88960.0], [59975.0, 20000.0]]"
204,2021-11-18 15:06:43.563,"[[59959.5, 41100.0], [59958.0, 1000.0], [59951.5, 3000.0], [59947.0, 790.0], [59945.5, 44190.0], [59945.0, 39540.0], [59944.5, 320.0], [59943.0, 16510.0], [59942.5, 9360.0], [59942.0, 3690.0]]","[[59960.0, 5150.0], [59964.5, 2000.0], [59969.0, 3600.0], [59969.5, 3000.0], [59971.5, 100.0], [59973.0, 14180.0], [59974.0, 510.0], [59974.5, 88960.0], [59975.0, 20000.0], [59975.5, 5000.0]]"
205,2021-11-18 15:06:43.904,"[[59959.5, 61700.0], [59958.0, 1000.0], [59951.5, 3000.0], [59947.0, 790.0], [59945.5, 43970.0], [59945.0, 39540.0], [59944.5, 320.0], [59943.0, 16510.0], [59942.5, 9360.0], [59942.0, 3690.0]]","[[59960.0, 5150.0], [59964.5, 2000.0], [59969.0, 3600.0], [59969.5, 3000.0], [59971.5, 100.0], [59973.0, 14180.0], [59974.0, 300380.0], [59974.5, 88960.0], [59975.0, 20000.0], [59975.5, 5000.0]]"
206,2021-11-18 15:06:44.203,"[[59959.5, 61700.0], [59958.0, 1000.0], [59951.5, 3000.0], [59947.0, 790.0], [59945.5, 43910.0], [59945.0, 39540.0], [59944.5, 320.0], [59943.0, 16510.0], [59942.5, 9360.0], [59942.0, 3690.0]]","[[59960.0, 5150.0], [59961.5, 2000.0], [59969.0, 3600.0], [59969.5, 3000.0], [59971.5, 100.0], [59972.5, 69990.0], [59973.0, 14180.0], [59974.0, 300380.0], [59974.5, 88960.0], [59975.0, 20000.0]]"
207,2021-11-18 15:06:44.409,"[[59959.5, 41100.0], [59958.0, 1000.0], [59951.5, 3000.0], [59947.0, 790.0], [59945.5, 43910.0], [59945.0, 39540.0], [59944.5, 320.0], [59943.0, 16510.0], [59942.5, 9360.0], [59942.0, 3690.0]]","[[59960.0, 5150.0], [59961.5, 2000.0], [59969.0, 3600.0], [59969.5, 3000.0], [59971.5, 100.0], [59972.5, 69990.0], [59973.0, 14180.0], [59974.0, 300380.0], [59974.5, 88960.0], [59975.0, 20000.0]]"
208,2021-11-18 15:06:44.861,"[[59959.5, 41100.0], [59958.0, 1000.0], [59951.5, 3000.0], [59947.0, 790.0], [59945.5, 43910.0], [59945.0, 39540.0], [59944.5, 320.0], [59943.0, 16510.0], [59942.5, 9360.0], [59942.0, 3690.0]]","[[59960.0, 5150.0], [59961.0, 1000.0], [59961.5, 2000.0], [59969.0, 3600.0], [59969.5, 3000.0], [59971.5, 100.0], [59972.5, 69990.0], [59973.0, 14180.0], [59974.0, 320380.0], [59974.5, 88960.0]]"
209,2021-11-18 15:06:45.207,"[[59959.5, 41100.0], [59958.0, 1000.0], [59951.5, 3000.0], [59947.0, 790.0], [59945.5, 43910.0], [59945.0, 39540.0], [59944.5, 320.0], [59943.0, 16510.0], [59942.5, 9360.0], [59942.0, 3690.0]]","[[59960.0, 5150.0], [59961.0, 1000.0], [59961.5, 2000.0], [59969.0, 3600.0], [59969.5, 3000.0], [59971.5, 100.0], [59972.5, 69990.0], [59973.0, 14180.0], [59974.0, 320380.0], [59974.5, 88960.0]]"
210,2021-11-18 15:06:45.554,"[[59959.5, 41100.0], [59958.0, 1000.0], [59951.5, 3000.0], [59947.0, 790.0], [59945.5, 43910.0], [59945.0, 39540.0], [59944.5, 320.0], [59943.0, 16510.0], [59942.5, 9360.0], [59942.0, 3690.0]]","[[59960.0, 5150.0], [59961.0, 1000.0], [59961.5, 2000.0], [59969.0, 3600.0], [59969.5, 3000.0], [59971.5, 100.0], [59972.5, 69990.0], [59973.0, 14180.0], [59974.0, 320380.0], [59974.5, 88960.0]]"
211,2021-11-18 15:06:45.873,"[[59959.5, 68900.0], [59958.0, 1000.0], [59951.5, 3000.0], [59947.0, 790.0], [59945.5, 43910.0], [59945.0, 39540.0], [59944.5, 320.0], [59943.0, 16510.0], [59942.5, 9360.0], [59942.0, 3690.0]]","[[59960.0, 5150.0], [59961.0, 1000.0], [59961.5, 2000.0], [59969.0, 3600.0], [59969.5, 3000.0], [59971.5, 100.0], [59972.5, 69990.0], [59973.0, 14180.0], [59974.0, 20510.0], [59974.5, 88960.0]]"
212,2021-11-18 15:06:46.215,"[[59959.5, 41100.0], [59958.0, 1000.0], [59951.5, 3000.0], [59947.0, 790.0], [59945.5, 43910.0], [59945.0, 39540.0], [59944.5, 320.0], [59943.0, 16510.0], [59942.5, 9360.0], [59942.0, 3690.0]]","[[59960.0, 5150.0], [59961.0, 1000.0], [59961.5, 2000.0], [59966.0, 3000.0], [59969.0, 13600.0], [59971.5, 100.0], [59972.5, 69990.0], [59973.0, 14180.0], [59974.0, 20510.0], [59974.5, 88960.0]]"
213,2021-11-18 15:06:46.449,"[[59959.5, 41100.0], [59958.0, 1000.0], [59951.5, 3000.0], [59947.0, 790.0], [59945.5, 43910.0], [59945.0, 39540.0], [59944.5, 320.0], [59943.0, 16510.0], [59942.5, 9360.0], [59942.0, 3690.0]]","[[59960.0, 5150.0], [59961.5, 2000.0], [59963.5, 1000.0], [59966.0, 3000.0], [59969.0, 13600.0], [59971.5, 100.0], [59972.5, 69990.0], [59973.0, 14180.0], [59974.0, 20510.0], [59974.5, 88960.0]]"
214,2021-11-18 15:06:46.847,"[[59959.5, 41100.0], [59958.0, 1000.0], [59951.5, 3000.0], [59947.0, 790.0], [59945.5, 43910.0], [59945.0, 39540.0], [59944.5, 320.0], [59943.0, 16510.0], [59942.5, 9360.0], [59942.0, 3690.0]]","[[59960.0, 5150.0], [59961.5, 2000.0], [59963.5, 1000.0], [59966.0, 3000.0], [59969.0, 13600.0], [59971.5, 100.0], [59972.5, 69990.0], [59973.0, 14180.0], [59973.5, 2060.0], [59974.0, 20510.0]]"
215,2021-11-18 15:06:47.056,"[[59959.5, 41100.0], [59958.0, 1000.0], [59951.5, 3000.0], [59947.0, 790.0], [59945.5, 43910.0], [59945.0, 39540.0], [59944.5, 320.0], [59943.0, 16510.0], [59942.5, 9360.0], [59942.0, 3690.0]]","[[59960.0, 5150.0], [59961.5, 2000.0], [59963.5, 1000.0], [59966.0, 3000.0], [59969.0, 13600.0], [59971.5, 100.0], [59972.5, 69990.0], [59973.0, 14180.0], [59973.5, 2060.0], [59974.0, 20510.0]]"
216,2021-11-18 15:06:47.396,"[[59959.5, 41100.0], [59958.0, 1000.0], [59951.5, 3000.0], [59947.0, 790.0], [59945.5, 43690.0], [59945.0, 39540.0], [59944.5, 320.0], [59943.0, 16510.0], [59942.5, 9360.0], [59942.0, 3690.0]]","[[59960.0, 5150.0], [59963.5, 1000.0], [59966.0, 3000.0], [59967.0, 2000.0], [59969.0, 13600.0], [59971.5, 100.0], [59972.5, 69990.0], [59973.0, 14180.0], [59973.5, 2060.0], [59974.0, 20510.0]]"
217,2021-11-18 15:06:47.844,"[[59959.5, 91700.0], [59958.0, 1000.0], [59951.5, 3000.0], [59947.0, 790.0], [59945.5, 43650.0], [59945.0, 39540.0], [59944.5, 320.0], [59943.0, 16510.0], [59942.5, 9360.0], [59942.0, 3690.0]]","[[59960.0, 5150.0], [59961.0, 2000.0], [59963.5, 1000.0], [59966.0, 3000.0], [59969.0, 13600.0], [59971.5, 100.0], [59972.5, 69990.0], [59973.0, 14180.0], [59973.5, 2060.0], [59974.0, 20510.0]]"
218,2021-11-18 15:06:48.179,"[[59959.5, 91700.0], [59958.0, 1000.0], [59951.5, 3000.0], [59947.0, 790.0], [59946.5, 3600.0], [59945.5, 43600.0], [59945.0, 39540.0], [59944.5, 320.0], [59943.0, 16510.0], [59942.5, 9360.0]]","[[59960.0, 5150.0], [59961.0, 2000.0], [59963.5, 1000.0], [59966.0, 3000.0], [59969.0, 10000.0], [59971.5, 100.0], [59972.5, 69990.0], [59973.0, 17780.0], [59973.5, 2060.0], [59974.0, 20510.0]]"
219,2021-11-18 15:06:48.515,"[[59959.5, 91700.0], [59958.0, 1000.0], [59951.5, 3000.0], [59947.0, 790.0], [59946.5, 3600.0], [59945.5, 43210.0], [59945.0, 39540.0], [59944.5, 320.0], [59943.0, 16510.0], [59942.5, 9360.0]]","[[59960.0, 5150.0], [59961.0, 2000.0], [59963.5, 1000.0], [59966.0, 3000.0], [59969.0, 10000.0], [59971.5, 100.0], [59972.5, 69990.0], [59973.0, 17780.0], [59973.5, 2060.0], [59974.0, 20510.0]]"
220,2021-11-18 15:06:48.752,"[[59959.5, 91700.0], [59958.0, 1000.0], [59951.5, 3000.0], [59947.0, 790.0], [59946.5, 3600.0], [59945.5, 320.0], [59945.0, 39540.0], [59944.5, 320.0], [59943.0, 16510.0], [59942.5, 9360.0]]","[[59960.0, 5150.0], [59961.0, 2000.0], [59961.5, 1000.0], [59966.0, 3000.0], [59969.0, 10000.0], [59971.5, 100.0], [59972.5, 69990.0], [59973.0, 17780.0], [59973.5, 2060.0], [59974.0, 20510.0]]"
221,2021-11-18 15:06:49.184,"[[59959.5, 91700.0], [59958.0, 1000.0], [59951.5, 3000.0], [59947.0, 790.0], [59946.5, 3600.0], [59945.5, 320.0], [59945.0, 39540.0], [59944.5, 320.0], [59943.0, 16510.0], [59942.5, 9360.0]]","[[59960.0, 5150.0], [59961.0, 2000.0], [59961.5, 1000.0], [59966.0, 3000.0], [59969.0, 10000.0], [59971.5, 100.0], [59972.5, 69990.0], [59973.0, 17780.0], [59973.5, 2060.0], [59974.0, 20510.0]]"
222,2021-11-18 15:06:49.521,"[[59959.5, 91700.0], [59958.0, 1000.0], [59951.5, 3000.0], [59947.0, 790.0], [59946.5, 3600.0], [59945.5, 43650.0], [59945.0, 39540.0], [59944.5, 320.0], [59943.0, 16510.0], [59942.5, 9360.0]]","[[59960.0, 5150.0], [59961.0, 2000.0], [59961.5, 1000.0], [59966.0, 3000.0], [59971.5, 100.0], [59972.5, 69990.0], [59973.0, 17780.0], [59973.5, 2060.0], [59974.0, 20510.0], [59974.5, 88960.0]]"
223,2021-11-18 15:06:49.858,"[[59959.5, 132600.0], [59958.0, 1000.0], [59955.5, 3000.0], [59947.0, 790.0], [59946.5, 3600.0], [59945.5, 43650.0], [59945.0, 39540.0], [59944.5, 320.0], [59943.0, 16510.0], [59942.5, 9360.0]]","[[59960.0, 5150.0], [59961.5, 1000.0], [59962.0, 2000.0], [59966.0, 3000.0], [59969.0, 10000.0], [59971.5, 100.0], [59972.5, 69990.0], [59973.0, 3600.0], [59973.5, 2060.0], [59974.0, 20510.0]]"
224,2021-11-18 15:06:50.179,"[[59959.5, 135610.0], [59958.0, 1000.0], [59955.5, 3000.0], [59947.0, 790.0], [59946.5, 3600.0], [59945.5, 62570.0], [59945.0, 39540.0], [59944.5, 320.0], [59943.0, 16510.0], [59942.5, 9360.0]]","[[59960.0, 5150.0], [59961.5, 1000.0], [59962.0, 2000.0], [59966.0, 3000.0], [59969.0, 10000.0], [59971.5, 100.0], [59972.5, 69990.0], [59973.0, 3600.0], [59973.5, 2060.0], [59974.0, 510.0]]"
225,2021-11-18 15:06:50.497,"[[59959.5, 132600.0], [59958.0, 1000.0], [59955.5, 3000.0], [59950.5, 5000.0], [59947.0, 790.0], [59946.5, 3600.0], [59945.5, 62570.0], [59945.0, 34540.0], [59944.5, 320.0], [59943.0, 16510.0]]","[[59960.0, 5150.0], [59964.5, 1000.0], [59965.0, 2000.0], [59970.5, 3000.0], [59971.5, 100.0], [59972.5, 69990.0], [59973.0, 3600.0], [59973.5, 2060.0], [59974.0, 20510.0], [59974.5, 88960.0]]"
226,2021-11-18 15:06:50.829,"[[59959.5, 41100.0], [59957.0, 1000.0], [59949.0, 3000.0], [59947.0, 790.0], [59946.5, 3600.0], [59945.5, 62460.0], [59945.0, 34540.0], [59944.5, 320.0], [59943.0, 21510.0], [59942.5, 9360.0]]","[[59960.0, 5150.0], [59960.5, 1000.0], [59966.0, 2000.0], [59966.5, 3000.0], [59969.0, 10000.0], [59971.5, 100.0], [59972.5, 69990.0], [59973.0, 3600.0], [59973.5, 2060.0], [59974.0, 20510.0]]"
227,2021-11-18 15:06:51.142,"[[59959.5, 41100.0], [59957.0, 1000.0], [59949.0, 3000.0], [59947.0, 790.0], [59946.5, 3600.0], [59945.5, 62400.0], [59945.0, 34540.0], [59944.5, 320.0], [59943.0, 21510.0], [59942.5, 9360.0]]","[[59960.0, 5150.0], [59960.5, 1000.0], [59963.0, 2000.0], [59966.5, 3000.0], [59969.0, 10000.0], [59971.5, 100.0], [59972.5, 69990.0], [59973.0, 3600.0], [59973.5, 2060.0], [59974.0, 20510.0]]"
228,2021-11-18 15:06:51.378,"[[59959.5, 41100.0], [59957.0, 1000.0], [59949.0, 3000.0], [59947.0, 790.0], [59946.5, 3600.0], [59945.5, 62400.0], [59945.0, 34540.0], [59944.5, 320.0], [59943.0, 21510.0], [59942.5, 9360.0]]","[[59960.0, 5150.0], [59960.5, 1000.0], [59963.0, 2000.0], [59966.5, 3000.0], [59971.5, 100.0], [59972.5, 69990.0], [59973.0, 3600.0], [59973.5, 2060.0], [59974.0, 20510.0], [59974.5, 88960.0]]"
229,2021-11-18 15:06:51.793,"[[59959.5, 89700.0], [59957.0, 1000.0], [59949.0, 3000.0], [59947.0, 790.0], [59946.5, 3600.0], [59945.5, 17370.0], [59945.0, 34540.0], [59944.5, 320.0], [59943.0, 21510.0], [59942.5, 9360.0]]","[[59960.0, 7150.0], [59960.5, 1000.0], [59966.5, 3000.0], [59969.0, 10000.0], [59971.5, 100.0], [59972.5, 69990.0], [59973.0, 3600.0], [59973.5, 2060.0], [59974.0, 20510.0], [59974.5, 88960.0]]"
230,2021-11-18 15:06:52.142,"[[59959.5, 89700.0], [59957.0, 1000.0], [59949.0, 3000.0], [59947.0, 790.0], [59946.5, 3600.0], [59945.5, 17370.0], [59945.0, 34540.0], [59944.5, 320.0], [59943.0, 21510.0], [59942.5, 9360.0]]","[[59960.0, 7150.0], [59960.5, 1000.0], [59966.5, 3000.0], [59969.0, 10000.0], [59971.5, 100.0], [59972.5, 72060.0], [59973.0, 3600.0], [59974.0, 510.0], [59974.5, 88960.0], [59975.0, 299870.0]]"
231,2021-11-18 15:06:52.443,"[[59959.5, 89700.0], [59957.0, 1000.0], [59949.0, 3000.0], [59947.0, 790.0], [59946.5, 3600.0], [59945.5, 17370.0], [59945.0, 34540.0], [59944.5, 320.0], [59943.0, 21510.0], [59942.5, 9360.0]]","[[59960.0, 7150.0], [59960.5, 1000.0], [59966.5, 3000.0], [59969.0, 10000.0], [59971.5, 100.0], [59972.5, 72060.0], [59973.0, 3600.0], [59974.0, 510.0], [59974.5, 88960.0], [59975.0, 299870.0]]"
232,2021-11-18 15:06:52.818,"[[59959.5, 41100.0], [59957.0, 1000.0], [59949.0, 3000.0], [59947.0, 790.0], [59946.5, 3600.0], [59945.5, 17370.0], [59945.0, 34540.0], [59944.5, 320.0], [59943.0, 21510.0], [59942.5, 9360.0]]","[[59960.0, 7150.0], [59960.5, 1000.0], [59966.5, 3000.0], [59969.0, 10000.0], [59971.5, 100.0], [59972.5, 72060.0], [59973.0, 3600.0], [59973.5, 20000.0], [59974.0, 510.0], [59974.5, 88960.0]]"
233,2021-11-18 15:06:53.155,"[[59959.5, 41100.0], [59957.0, 1000.0], [59949.0, 3000.0], [59947.0, 790.0], [59946.5, 3600.0], [59945.5, 17370.0], [59945.0, 34540.0], [59944.5, 320.0], [59943.0, 21510.0], [59942.5, 9360.0]]","[[59960.0, 5150.0], [59960.5, 1000.0], [59963.0, 2000.0], [59966.5, 3000.0], [59971.5, 100.0], [59972.5, 72060.0], [59973.0, 3600.0], [59973.5, 20000.0], [59974.0, 510.0], [59974.5, 88960.0]]"
234,2021-11-18 15:06:53.379,"[[59959.5, 41100.0], [59957.0, 1000.0], [59952.5, 3000.0], [59947.0, 790.0], [59946.5, 3600.0], [59945.5, 17370.0], [59945.0, 34540.0], [59944.5, 320.0], [59943.0, 21510.0], [59942.5, 9360.0]]","[[59960.0, 5150.0], [59960.5, 1000.0], [59963.5, 2000.0], [59966.5, 3000.0], [59969.0, 10000.0], [59971.5, 100.0], [59972.5, 72060.0], [59973.0, 3600.0], [59973.5, 20000.0], [59974.0, 510.0]]"
235,2021-11-18 15:06:53.783,"[[59959.5, 41100.0], [59957.0, 1000.0], [59952.5, 3000.0], [59947.0, 790.0], [59946.5, 3600.0], [59945.5, 17370.0], [59945.0, 34540.0], [59944.5, 320.0], [59943.0, 21510.0], [59942.5, 9360.0]]","[[59960.0, 5150.0], [59960.5, 3000.0], [59966.5, 3000.0], [59969.0, 10000.0], [59971.5, 100.0], [59972.5, 72060.0], [59973.0, 3600.0], [59973.5, 20000.0], [59974.0, 510.0], [59974.5, 88960.0]]"
236,2021-11-18 15:06:54.058,"[[59959.5, 41100.0], [59957.0, 1000.0], [59952.5, 3000.0], [59947.0, 790.0], [59946.5, 3600.0], [59945.5, 17370.0], [59945.0, 34540.0], [59944.5, 320.0], [59943.0, 21510.0], [59942.5, 9360.0]]","[[59960.0, 5150.0], [59960.5, 3000.0], [59966.5, 3000.0], [59971.5, 100.0], [59972.5, 72060.0], [59973.0, 3600.0], [59973.5, 20000.0], [59974.0, 510.0], [59974.5, 88960.0], [59975.0, 299870.0]]"
237,2021-11-18 15:06:54.485,"[[59959.5, 41100.0], [59957.0, 1000.0], [59952.5, 3000.0], [59947.0, 790.0], [59946.5, 3600.0], [59945.5, 17370.0], [59945.0, 34540.0], [59944.5, 320.0], [59943.0, 21510.0], [59942.5, 9360.0]]","[[59960.0, 5150.0], [59960.5, 3000.0], [59966.5, 3000.0], [59969.0, 10000.0], [59971.5, 100.0], [59972.5, 72060.0], [59973.0, 3600.0], [59973.5, 20000.0], [59974.0, 510.0], [59974.5, 88960.0]]"
238,2021-11-18 15:06:54.781,"[[59959.5, 41100.0], [59958.5, 1000.0], [59952.5, 3000.0], [59947.0, 790.0], [59946.5, 3600.0], [59945.5, 17370.0], [59945.0, 34540.0], [59944.5, 320.0], [59943.0, 21510.0], [59942.5, 9360.0]]","[[59960.0, 5150.0], [59960.5, 3000.0], [59966.5, 3000.0], [59969.0, 10000.0], [59971.5, 100.0], [59972.5, 69990.0], [59973.0, 5670.0], [59973.5, 20000.0], [59974.0, 510.0], [59974.5, 88960.0]]"
239,2021-11-18 15:06:55.032,"[[59959.5, 41100.0], [59958.5, 1000.0], [59952.5, 3000.0], [59947.0, 790.0], [59946.5, 3600.0], [59945.5, 60700.0], [59945.0, 34540.0], [59944.5, 320.0], [59943.0, 21510.0], [59942.5, 9360.0]]","[[59960.0, 5150.0], [59960.5, 3000.0], [59966.5, 3000.0], [59969.0, 10000.0], [59971.5, 100.0], [59972.5, 69990.0], [59973.0, 5670.0], [59973.5, 20000.0], [59974.0, 510.0], [59974.5, 88960.0]]"
