,timestamp,bids,asks
0,2021-11-19 09:53:12.243,"[[56920.0, 96020.0], [56911.5, 1000.0], [56910.0, 10000.0], [56909.0, 3600.0], [56908.0, 20000.0], [56905.5, 14900.0], [56903.5, 3100.0], [56901.0, 3000.0], [56900.5, 5000.0], [56899.5, 550.0]]","[[56920.5, 2000.0], [56929.0, 2000.0], [56930.0, 5120.0], [56930.5, 20.0], [56934.0, 1000.0], [56935.5, 2090.0], [56936.0, 1000.0], [56936.5, 30560.0], [56937.5, 20000.0], [56938.0, 20480.0]]"
1,2021-11-19 09:53:12.562,"[[56921.0, 20.0], [56920.5, 2000.0], [56920.0, 96000.0], [56919.0, 90.0], [56912.0, 20.0], [56911.5, 1000.0], [56910.0, 30000.0], [56909.0, 3600.0], [56905.5, 14900.0], [56903.5, 3100.0]]","[[56937.5, 12000.0], [56938.0, 19700.0], [56938.5, 3000.0], [56939.0, 36290.0], [56939.5, 16590.0], [56940.5, 2000.0], [56941.0, 100.0], [56942.0, 58800.0], [56944.0, 3600.0], [56944.5, 15570.0]]"
2,2021-11-19 09:53:12.919,"[[56921.0, 20.0], [56920.5, 2000.0], [56920.0, 96000.0], [56919.0, 90.0], [56913.5, 20.0], [56911.5, 1000.0], [56910.0, 30000.0], [56909.0, 3600.0], [56905.5, 14900.0], [56903.5, 3100.0]]","[[56936.5, 10000.0], [56937.0, 800.0], [56937.5, 2000.0], [56938.0, 10480.0], [56938.5, 3000.0], [56939.0, 36290.0], [56939.5, 17340.0], [56940.5, 2000.0], [56941.0, 100.0], [56942.0, 58800.0]]"
3,2021-11-19 09:53:13.230,"[[56920.0, 96000.0], [56919.0, 90.0], [56917.5, 2000.0], [56915.0, 20.0], [56914.0, 1000.0], [56910.0, 30000.0], [56909.0, 3600.0], [56908.0, 3000.0], [56905.5, 14900.0], [56903.5, 100.0]]","[[56933.5, 13000.0], [56934.0, 1000.0], [56937.0, 800.0], [56937.5, 2000.0], [56938.0, 10480.0], [56938.5, 3000.0], [56939.0, 36290.0], [56939.5, 17340.0], [56940.5, 2000.0], [56941.0, 100.0]]"
4,2021-11-19 09:53:13.581,"[[56920.5, 20.0], [56920.0, 96000.0], [56919.0, 90.0], [56917.5, 2000.0], [56915.0, 20.0], [56914.0, 1000.0], [56910.0, 30000.0], [56909.0, 3600.0], [56908.0, 3000.0], [56905.5, 14900.0]]","[[56930.5, 2000.0], [56933.5, 3000.0], [56934.0, 1000.0], [56937.0, 800.0], [56937.5, 2000.0], [56938.0, 10480.0], [56938.5, 3000.0], [56939.0, 36290.0], [56939.5, 17340.0], [56940.5, 2000.0]]"
5,2021-11-19 09:53:13.911,"[[56921.5, 20.0], [56921.0, 2000.0], [56920.0, 96000.0], [56919.0, 90.0], [56916.5, 1000.0], [56915.0, 530.0], [56914.5, 20000.0], [56909.0, 3600.0], [56908.0, 3000.0], [56905.5, 14900.0]]","[[56930.0, 2000.0], [56936.5, 1000.0], [56937.0, 800.0], [56937.5, 2000.0], [56938.0, 10480.0], [56938.5, 3000.0], [56939.0, 36290.0], [56939.5, 17340.0], [56940.5, 2000.0], [56942.0, 58800.0]]"
6,2021-11-19 09:53:14.230,"[[56921.0, 2000.0], [56920.0, 96000.0], [56919.0, 90.0], [56918.0, 10010.0], [56916.5, 1000.0], [56915.0, 510.0], [56914.5, 20000.0], [56914.0, 20.0], [56912.0, 3000.0], [56909.0, 3600.0]]","[[56928.5, 2000.0], [56933.5, 2000.0], [56936.5, 1000.0], [56938.0, 10480.0], [56939.0, 36290.0], [56939.5, 17340.0], [56940.5, 2000.0], [56942.0, 58800.0], [56943.0, 3000.0], [56944.0, 3600.0]]"
7,2021-11-19 09:53:14.562,"[[56928.0, 2760.0], [56921.0, 2000.0], [56920.0, 96020.0], [56919.0, 90.0], [56918.0, 10010.0], [56916.5, 1000.0], [56915.0, 510.0], [56914.5, 20000.0], [56912.0, 3000.0], [56910.0, 10000.0]]","[[56928.5, 2000.0], [56933.5, 2000.0], [56936.5, 1000.0], [56938.0, 10480.0], [56939.0, 36290.0], [56939.5, 17340.0], [56942.0, 58800.0], [56943.0, 3000.0], [56944.0, 3600.0], [56944.5, 15570.0]]"
8,2021-11-19 09:53:14.830,"[[56928.0, 2780.0], [56921.0, 2000.0], [56920.0, 96020.0], [56919.0, 90.0], [56918.0, 10010.0], [56916.5, 1000.0], [56915.0, 510.0], [56914.5, 20000.0], [56912.0, 3000.0], [56910.0, 10000.0]]","[[56928.5, 2000.0], [56933.5, 2000.0], [56934.5, 1000.0], [56938.0, 10480.0], [56939.0, 36290.0], [56939.5, 17340.0], [56942.0, 58800.0], [56943.0, 3000.0], [56944.0, 3600.0], [56944.5, 15570.0]]"
9,2021-11-19 09:53:15.209,"[[56928.0, 2790.0], [56921.0, 2000.0], [56920.0, 96010.0], [56919.0, 90.0], [56918.0, 10010.0], [56916.5, 1000.0], [56915.0, 510.0], [56914.5, 20000.0], [56912.0, 3000.0], [56910.0, 10000.0]]","[[56928.5, 2000.0], [56933.5, 2000.0], [56935.0, 1000.0], [56938.0, 10480.0], [56939.0, 36290.0], [56939.5, 17340.0], [56942.0, 58800.0], [56943.0, 69850.0], [56944.0, 3600.0], [56944.5, 15570.0]]"
10,2021-11-19 09:53:15.568,"[[56928.0, 2790.0], [56920.0, 96010.0], [56919.0, 90.0], [56918.0, 12010.0], [56916.5, 1000.0], [56915.0, 510.0], [56914.5, 20800.0], [56912.0, 3000.0], [56910.0, 10000.0], [56909.0, 3600.0]]","[[56928.5, 2000.0], [56933.5, 2000.0], [56935.0, 1000.0], [56938.0, 10480.0], [56939.0, 39290.0], [56939.5, 17340.0], [56942.0, 58800.0], [56943.0, 66850.0], [56944.0, 3600.0], [56944.5, 15570.0]]"
11,2021-11-19 09:53:15.890,"[[56928.0, 2790.0], [56921.0, 2000.0], [56920.0, 96010.0], [56919.0, 90.0], [56918.0, 10010.0], [56915.0, 510.0], [56914.5, 20800.0], [56912.0, 3000.0], [56910.0, 10000.0], [56909.0, 3600.0]]","[[56928.5, 2000.0], [56933.5, 2000.0], [56935.0, 1000.0], [56938.0, 10480.0], [56939.0, 39290.0], [56939.5, 17340.0], [56942.0, 58800.0], [56943.0, 66850.0], [56944.0, 3600.0], [56944.5, 15570.0]]"
12,2021-11-19 09:53:16.210,"[[56928.0, 2790.0], [56921.0, 2000.0], [56920.0, 96010.0], [56919.0, 90.0], [56918.0, 10010.0], [56915.0, 510.0], [56914.5, 20800.0], [56912.0, 3000.0], [56910.0, 10000.0], [56909.0, 3600.0]]","[[56928.5, 12600.0], [56933.5, 2000.0], [56935.0, 1000.0], [56938.0, 10480.0], [56939.0, 39290.0], [56939.5, 750.0], [56942.0, 58800.0], [56943.0, 66850.0], [56944.0, 3600.0], [56944.5, 15570.0]]"
13,2021-11-19 09:53:16.516,"[[56928.0, 2790.0], [56920.0, 96010.0], [56919.0, 90.0], [56918.0, 10010.0], [56917.5, 2000.0], [56915.0, 510.0], [56914.5, 20800.0], [56912.0, 3000.0], [56910.0, 10000.0], [56909.0, 3600.0]]","[[56928.5, 2000.0], [56933.5, 2000.0], [56935.0, 1000.0], [56938.0, 10480.0], [56939.0, 39290.0], [56939.5, 750.0], [56942.0, 58800.0], [56943.0, 66850.0], [56944.0, 3600.0], [56944.5, 15570.0]]"
14,2021-11-19 09:53:16.880,"[[56928.0, 2790.0], [56920.0, 96010.0], [56919.0, 90.0], [56918.0, 10010.0], [56917.5, 2000.0], [56915.0, 510.0], [56914.5, 20800.0], [56912.0, 3000.0], [56910.0, 10000.0], [56909.0, 3600.0]]","[[56928.5, 2000.0], [56933.5, 2000.0], [56935.0, 1000.0], [56938.0, 10480.0], [56939.0, 39290.0], [56939.5, 750.0], [56942.0, 58800.0], [56943.0, 66850.0], [56944.0, 19290.0], [56944.5, 15570.0]]"
15,2021-11-19 09:53:17.166,"[[56928.0, 2790.0], [56920.0, 96010.0], [56919.0, 90.0], [56918.0, 10010.0], [56915.5, 1000.0], [56915.0, 510.0], [56914.5, 22000.0], [56912.5, 800.0], [56912.0, 3000.0], [56910.0, 10000.0]]","[[56928.5, 2000.0], [56933.5, 2000.0], [56935.0, 1000.0], [56938.0, 10480.0], [56939.0, 39290.0], [56942.0, 58800.0], [56943.0, 66850.0], [56944.0, 19290.0], [56944.5, 15570.0], [56945.0, 29930.0]]"
16,2021-11-19 09:53:17.550,"[[56928.0, 86160.0], [56923.5, 20.0], [56921.0, 1700.0], [56920.0, 95990.0], [56919.0, 90.0], [56918.0, 10010.0], [56915.0, 660.0], [56914.5, 20000.0], [56912.5, 800.0], [56911.0, 90.0]]","[[56928.5, 2000.0], [56932.0, 10.0], [56938.0, 10480.0], [56939.0, 16290.0], [56942.0, 58800.0], [56944.0, 3600.0], [56945.0, 10000.0], [56949.0, 6320.0], [56949.5, 76960.0], [56950.5, 550.0]]"
17,2021-11-19 09:53:17.868,"[[56928.0, 3110.0], [56926.0, 1000.0], [56924.0, 1700.0], [56923.5, 20.0], [56920.5, 3000.0], [56920.0, 99590.0], [56919.0, 90.0], [56918.0, 30010.0], [56917.0, 10000.0], [56915.0, 660.0]]","[[56928.5, 2000.0], [56930.5, 10770.0], [56938.0, 10480.0], [56939.0, 16290.0], [56943.5, 15810.0], [56944.5, 1000.0], [56945.0, 12750.0], [56950.5, 9920.0], [56951.0, 32350.0], [56951.5, 590.0]]"
18,2021-11-19 09:53:18.210,"[[56928.0, 40610.0], [56926.0, 1000.0], [56924.0, 1700.0], [56920.5, 3000.0], [56920.0, 99610.0], [56919.0, 90.0], [56918.0, 30010.0], [56917.0, 10000.0], [56915.0, 660.0], [56914.5, 5000.0]]","[[56928.5, 2000.0], [56930.5, 10770.0], [56939.0, 16290.0], [56942.5, 1000.0], [56944.5, 300.0], [56945.0, 12750.0], [56946.5, 3000.0], [56950.5, 6920.0], [56951.0, 32350.0], [56951.5, 590.0]]"
19,2021-11-19 09:53:18.543,"[[56928.0, 40610.0], [56924.0, 1700.0], [56921.5, 20.0], [56920.5, 3000.0], [56920.0, 99590.0], [56919.0, 90.0], [56918.0, 30010.0], [56917.0, 10000.0], [56915.0, 660.0], [56914.5, 5000.0]]","[[56928.5, 2000.0], [56930.5, 10770.0], [56939.0, 16290.0], [56940.5, 1300.0], [56944.0, 16860.0], [56945.0, 10750.0], [56946.5, 3000.0], [56947.0, 3000.0], [56950.5, 11920.0], [56951.0, 32350.0]]"
20,2021-11-19 09:53:18.860,"[[56928.0, 3110.0], [56922.5, 1000.0], [56921.5, 20.0], [56920.0, 99590.0], [56919.0, 90.0], [56918.0, 30010.0], [56917.0, 11700.0], [56915.0, 3660.0], [56914.5, 5000.0], [56911.0, 90.0]]","[[56928.5, 2000.0], [56930.5, 10770.0], [56936.0, 1000.0], [56937.0, 300.0], [56939.0, 16290.0], [56942.0, 3000.0], [56944.0, 16860.0], [56945.0, 10750.0], [56945.5, 10480.0], [56947.0, 3000.0]]"
21,2021-11-19 09:53:19.167,"[[56928.0, 3110.0], [56922.5, 2700.0], [56921.5, 20.0], [56920.0, 99590.0], [56919.0, 90.0], [56918.0, 30010.0], [56917.0, 10000.0], [56915.0, 3660.0], [56914.5, 5000.0], [56911.0, 90.0]]","[[56928.5, 7000.0], [56930.5, 10770.0], [56936.0, 1000.0], [56939.0, 16290.0], [56940.5, 2000.0], [56942.0, 3000.0], [56945.0, 10750.0], [56945.5, 10480.0], [56946.0, 20000.0], [56947.0, 3000.0]]"
22,2021-11-19 09:53:19.520,"[[56928.0, 3110.0], [56925.5, 1000.0], [56922.5, 1700.0], [56921.5, 20.0], [56920.0, 99590.0], [56919.5, 3000.0], [56919.0, 90.0], [56918.0, 30010.0], [56917.0, 10000.0], [56915.0, 660.0]]","[[56928.5, 7000.0], [56930.5, 10770.0], [56939.0, 17290.0], [56940.5, 2000.0], [56945.0, 10750.0], [56945.5, 10480.0], [56946.0, 20000.0], [56947.0, 6000.0], [56949.5, 300.0], [56950.5, 11370.0]]"
23,2021-11-19 09:53:19.861,"[[56928.0, 3110.0], [56926.5, 1700.0], [56925.5, 1000.0], [56921.5, 20.0], [56920.0, 99590.0], [56919.5, 3000.0], [56919.0, 90.0], [56918.0, 30010.0], [56917.0, 10000.0], [56915.0, 660.0]]","[[56928.5, 7000.0], [56930.5, 10770.0], [56935.0, 300.0], [56939.0, 17290.0], [56940.5, 2000.0], [56945.0, 10750.0], [56945.5, 10480.0], [56946.0, 20000.0], [56947.0, 6000.0], [56950.5, 11370.0]]"
24,2021-11-19 09:53:20.175,"[[56928.0, 3110.0], [56926.5, 1700.0], [56925.5, 1000.0], [56921.5, 20.0], [56920.0, 99590.0], [56919.5, 3000.0], [56919.0, 20090.0], [56918.0, 10010.0], [56917.0, 10000.0], [56915.0, 660.0]]","[[56928.5, 7000.0], [56935.0, 300.0], [56937.5, 10770.0], [56939.0, 17290.0], [56940.5, 2000.0], [56945.0, 10750.0], [56945.5, 10480.0], [56946.0, 20000.0], [56947.0, 6000.0], [56950.5, 11370.0]]"
25,2021-11-19 09:53:20.502,"[[56928.0, 3110.0], [56927.5, 1000.0], [56926.5, 1700.0], [56924.0, 3000.0], [56921.5, 20.0], [56920.0, 99590.0], [56919.0, 20090.0], [56918.0, 10010.0], [56917.0, 10000.0], [56915.0, 660.0]]","[[56928.5, 7000.0], [56935.0, 300.0], [56937.5, 10770.0], [56939.0, 16290.0], [56941.5, 1000.0], [56945.0, 10750.0], [56945.5, 12480.0], [56947.0, 6000.0], [56950.0, 16890.0], [56950.5, 11370.0]]"
26,2021-11-19 09:53:20.809,"[[56928.0, 3110.0], [56927.5, 1000.0], [56924.0, 3000.0], [56921.5, 20.0], [56920.0, 106290.0], [56919.0, 20090.0], [56918.0, 10010.0], [56917.0, 10000.0], [56915.0, 660.0], [56913.0, 2000.0]]","[[56928.5, 7000.0], [56937.5, 10770.0], [56938.5, 300.0], [56939.0, 16290.0], [56941.5, 1000.0], [56945.0, 10750.0], [56945.5, 12480.0], [56947.0, 6000.0], [56950.0, 16890.0], [56950.5, 11370.0]]"
27,2021-11-19 09:53:21.180,"[[56928.0, 3110.0], [56927.5, 1000.0], [56924.0, 3000.0], [56921.5, 20.0], [56920.0, 104590.0], [56919.0, 20090.0], [56918.0, 10010.0], [56917.0, 10000.0], [56916.0, 1700.0], [56915.0, 660.0]]","[[56928.5, 7000.0], [56937.5, 10770.0], [56938.5, 300.0], [56939.0, 16290.0], [56941.5, 1000.0], [56945.0, 10750.0], [56945.5, 12480.0], [56947.0, 6000.0], [56950.5, 11370.0], [56951.0, 32350.0]]"
28,2021-11-19 09:53:21.462,"[[56928.0, 3110.0], [56927.5, 1000.0], [56924.0, 3000.0], [56921.5, 20.0], [56920.0, 104590.0], [56919.0, 20090.0], [56918.0, 10010.0], [56917.0, 10000.0], [56916.0, 1700.0], [56915.0, 660.0]]","[[56928.5, 7000.0], [56937.5, 10770.0], [56938.5, 300.0], [56939.0, 16290.0], [56941.5, 1000.0], [56944.5, 16170.0], [56945.0, 10750.0], [56945.5, 12480.0], [56947.0, 6000.0], [56950.5, 11370.0]]"
29,2021-11-19 09:53:21.844,"[[56928.0, 3110.0], [56923.0, 1700.0], [56921.5, 20.0], [56920.0, 99590.0], [56919.0, 23090.0], [56918.0, 10010.0], [56917.0, 10000.0], [56915.0, 660.0], [56913.5, 5000.0], [56911.0, 90.0]]","[[56928.5, 7000.0], [56935.0, 300.0], [56937.5, 10770.0], [56939.0, 16290.0], [56944.5, 16170.0], [56945.0, 10750.0], [56945.5, 10480.0], [56947.0, 3000.0], [56950.5, 11370.0], [56951.0, 32350.0]]"
30,2021-11-19 09:53:22.166,"[[56928.0, 3110.0], [56924.5, 1000.0], [56921.5, 20.0], [56920.0, 99590.0], [56919.0, 23090.0], [56918.0, 11710.0], [56917.0, 10000.0], [56915.0, 660.0], [56913.5, 5000.0], [56911.0, 90.0]]","[[56928.5, 7000.0], [56934.0, 1000.0], [56935.0, 300.0], [56937.5, 12770.0], [56939.0, 16290.0], [56940.0, 3000.0], [56944.5, 16170.0], [56945.0, 15750.0], [56945.5, 10480.0], [56947.0, 3000.0]]"
31,2021-11-19 09:53:22.509,"[[56928.0, 3110.0], [56926.5, 1000.0], [56923.0, 3000.0], [56921.5, 1720.0], [56920.0, 99590.0], [56919.0, 20090.0], [56918.0, 10010.0], [56917.0, 10000.0], [56915.0, 660.0], [56913.5, 5000.0]]","[[56928.5, 7000.0], [56935.0, 300.0], [56937.5, 10770.0], [56939.0, 17290.0], [56944.0, 3000.0], [56944.5, 16170.0], [56945.0, 10750.0], [56945.5, 10480.0], [56947.0, 3000.0], [56948.0, 22000.0]]"
32,2021-11-19 09:53:22.762,"[[56928.0, 3110.0], [56926.5, 1000.0], [56923.0, 3000.0], [56921.5, 1720.0], [56920.0, 99590.0], [56919.0, 25090.0], [56918.0, 10010.0], [56917.0, 10000.0], [56915.0, 660.0], [56911.0, 90.0]]","[[56928.5, 7000.0], [56935.0, 300.0], [56937.5, 10770.0], [56939.0, 17290.0], [56944.0, 3000.0], [56944.5, 16170.0], [56945.0, 10750.0], [56945.5, 10480.0], [56947.0, 3000.0], [56948.0, 22000.0]]"
33,2021-11-19 09:53:23.148,"[[56928.0, 3110.0], [56926.5, 1000.0], [56924.5, 1700.0], [56923.0, 3000.0], [56921.5, 20.0], [56920.0, 99590.0], [56919.0, 25090.0], [56918.0, 10010.0], [56917.0, 10000.0], [56915.0, 660.0]]","[[56928.5, 7000.0], [56935.0, 300.0], [56937.5, 10770.0], [56939.0, 17290.0], [56944.0, 3000.0], [56944.5, 16170.0], [56945.0, 10750.0], [56945.5, 10480.0], [56946.5, 580.0], [56947.0, 3000.0]]"
34,2021-11-19 09:53:23.490,"[[56928.0, 3110.0], [56926.5, 1000.0], [56924.5, 1700.0], [56923.0, 3000.0], [56921.5, 20.0], [56920.0, 99590.0], [56919.0, 25090.0], [56918.0, 10010.0], [56917.0, 10000.0], [56915.0, 660.0]]","[[56928.5, 7000.0], [56935.0, 300.0], [56937.5, 10770.0], [56939.0, 17290.0], [56944.0, 3000.0], [56944.5, 16170.0], [56945.0, 10750.0], [56945.5, 10480.0], [56946.5, 580.0], [56947.0, 3000.0]]"
35,2021-11-19 09:53:23.799,"[[56928.0, 3110.0], [56926.5, 1000.0], [56926.0, 3000.0], [56924.5, 6700.0], [56921.5, 20.0], [56920.0, 99590.0], [56919.0, 20090.0], [56918.0, 10010.0], [56917.0, 10000.0], [56915.0, 660.0]]","[[56928.5, 7000.0], [56935.0, 300.0], [56937.5, 10770.0], [56939.0, 16290.0], [56944.5, 17170.0], [56945.0, 10750.0], [56945.5, 10480.0], [56948.0, 3000.0], [56950.5, 6370.0], [56951.0, 32350.0]]"
36,2021-11-19 09:53:24.150,"[[56928.0, 3110.0], [56926.5, 1000.0], [56926.0, 3000.0], [56924.5, 6700.0], [56921.5, 20.0], [56920.0, 99590.0], [56919.0, 20090.0], [56918.0, 10010.0], [56917.0, 10000.0], [56915.0, 660.0]]","[[56928.5, 7000.0], [56935.0, 300.0], [56937.5, 10770.0], [56939.0, 16290.0], [56942.0, 1000.0], [56944.5, 16170.0], [56945.0, 10750.0], [56945.5, 10480.0], [56948.0, 3000.0], [56950.5, 6370.0]]"
37,2021-11-19 09:53:24.486,"[[56928.0, 3110.0], [56926.5, 1000.0], [56926.0, 3000.0], [56924.5, 6700.0], [56921.5, 20.0], [56920.0, 99590.0], [56919.0, 20090.0], [56918.0, 10010.0], [56917.0, 10000.0], [56915.0, 660.0]]","[[56928.5, 7000.0], [56935.0, 300.0], [56937.5, 10770.0], [56939.0, 16290.0], [56942.0, 1000.0], [56944.5, 16170.0], [56945.0, 10750.0], [56945.5, 10480.0], [56948.0, 3000.0], [56950.5, 6370.0]]"
38,2021-11-19 09:53:24.822,"[[56928.0, 3110.0], [56926.5, 1000.0], [56926.0, 3000.0], [56924.5, 6700.0], [56921.5, 20.0], [56920.0, 99590.0], [56919.0, 20090.0], [56918.0, 10010.0], [56917.0, 10000.0], [56915.0, 660.0]]","[[56928.5, 7000.0], [56935.0, 300.0], [56937.5, 10770.0], [56939.0, 16290.0], [56944.5, 1000.0], [56945.0, 10750.0], [56945.5, 10480.0], [56950.5, 6370.0], [56951.0, 32350.0], [56951.5, 590.0]]"
39,2021-11-19 09:53:25.151,"[[56928.0, 60510.0], [56927.0, 3600.0], [56926.5, 1000.0], [56926.0, 3000.0], [56925.5, 2000.0], [56924.5, 6700.0], [56923.0, 20.0], [56921.5, 3000.0], [56920.0, 95990.0], [56919.5, 15000.0]]","[[56928.5, 7000.0], [56937.5, 10770.0], [56939.0, 16290.0], [56949.0, 1000.0], [56950.5, 6370.0], [56951.0, 32350.0], [56952.0, 90.0], [56954.0, 600.0], [56956.0, 2750.0], [56957.0, 16040.0]]"
40,2021-11-19 09:53:25.480,"[[56928.0, 114350.0], [56926.5, 1000.0], [56926.0, 3000.0], [56925.5, 20.0], [56924.5, 6700.0], [56922.5, 150.0], [56921.5, 3000.0], [56920.0, 95990.0], [56919.5, 15000.0], [56919.0, 90.0]]","[[56928.5, 5000.0], [56937.5, 10770.0], [56939.0, 16290.0], [56949.5, 1000.0], [56952.0, 90.0], [56958.5, 3000.0], [56959.0, 580.0], [56959.5, 4600.0], [56961.0, 6300.0], [56961.5, 182780.0]]"
41,2021-11-19 09:53:25.803,"[[56928.0, 115100.0], [56926.5, 1000.0], [56926.0, 3000.0], [56925.5, 20.0], [56924.5, 6700.0], [56922.5, 150.0], [56921.5, 3000.0], [56920.5, 43480.0], [56920.0, 95990.0], [56919.5, 15000.0]]","[[56928.5, 5000.0], [56937.5, 10770.0], [56939.0, 16290.0], [56948.0, 1000.0], [56952.0, 90.0], [56955.0, 3000.0], [56959.0, 5580.0], [56960.0, 590.0], [56961.0, 8300.0], [56961.5, 182780.0]]"
42,2021-11-19 09:53:26.137,"[[56928.0, 110900.0], [56926.5, 1000.0], [56926.0, 3000.0], [56924.5, 5000.0], [56924.0, 10000.0], [56922.5, 150.0], [56921.5, 3020.0], [56920.5, 43480.0], [56920.0, 95990.0], [56919.5, 15000.0]]","[[56928.5, 5000.0], [56937.5, 10770.0], [56939.0, 16290.0], [56946.0, 1000.0], [56951.5, 3000.0], [56952.0, 90.0], [56954.0, 300.0], [56959.0, 5580.0], [56960.0, 590.0], [56961.0, 8300.0]]"
43,2021-11-19 09:53:26.456,"[[56928.0, 110900.0], [56926.5, 1000.0], [56926.0, 3000.0], [56924.5, 5000.0], [56924.0, 10000.0], [56922.5, 150.0], [56921.5, 3020.0], [56920.0, 95990.0], [56919.5, 15000.0], [56919.0, 90.0]]","[[56928.5, 7000.0], [56937.5, 10770.0], [56939.0, 16290.0], [56945.0, 300.0], [56946.0, 1000.0], [56951.5, 3000.0], [56952.0, 90.0], [56959.0, 5580.0], [56960.0, 183410.0], [56961.0, 8300.0]]"
44,2021-11-19 09:53:26.798,"[[56928.0, 110900.0], [56926.5, 1000.0], [56926.0, 3000.0], [56924.5, 5000.0], [56924.0, 10000.0], [56922.5, 150.0], [56921.5, 3020.0], [56920.0, 95990.0], [56919.5, 15000.0], [56919.0, 90.0]]","[[56928.5, 7000.0], [56937.5, 10770.0], [56939.0, 16290.0], [56944.5, 1000.0], [56950.0, 300.0], [56951.5, 3000.0], [56952.0, 90.0], [56959.0, 15580.0], [56959.5, 2000.0], [56960.0, 183410.0]]"
45,2021-11-19 09:53:27.131,"[[56928.0, 110900.0], [56926.5, 1000.0], [56926.0, 3000.0], [56924.5, 5000.0], [56924.0, 10000.0], [56922.5, 2150.0], [56921.5, 3020.0], [56920.0, 95990.0], [56919.5, 15000.0], [56919.0, 90.0]]","[[56928.5, 7000.0], [56937.5, 10770.0], [56939.0, 16290.0], [56944.5, 1000.0], [56947.0, 300.0], [56951.5, 3000.0], [56952.0, 90.0], [56955.0, 2000.0], [56959.0, 15580.0], [56959.5, 2000.0]]"
46,2021-11-19 09:53:27.442,"[[56928.0, 110900.0], [56926.5, 1000.0], [56926.0, 3000.0], [56924.5, 5000.0], [56924.0, 10000.0], [56922.5, 2150.0], [56921.5, 3020.0], [56920.0, 95990.0], [56919.5, 15000.0], [56919.0, 90.0]]","[[56928.5, 7000.0], [56937.5, 10770.0], [56939.0, 16290.0], [56944.5, 1000.0], [56947.0, 300.0], [56951.5, 3000.0], [56952.0, 90.0], [56955.0, 2000.0], [56959.0, 15580.0], [56959.5, 2000.0]]"
47,2021-11-19 09:53:27.783,"[[56928.0, 110900.0], [56926.5, 1000.0], [56926.0, 3000.0], [56924.5, 5000.0], [56924.0, 10000.0], [56922.5, 2150.0], [56921.5, 3020.0], [56920.0, 95990.0], [56919.5, 15000.0], [56919.0, 90.0]]","[[56928.5, 7000.0], [56937.5, 10770.0], [56939.0, 16290.0], [56944.0, 300.0], [56944.5, 1000.0], [56951.5, 3000.0], [56952.0, 90.0], [56955.0, 2000.0], [56959.0, 15580.0], [56959.5, 2000.0]]"
48,2021-11-19 09:53:28.064,"[[56928.0, 70700.0], [56926.5, 1000.0], [56926.0, 3000.0], [56924.5, 5000.0], [56924.0, 10000.0], [56922.5, 2150.0], [56921.5, 3020.0], [56920.0, 95990.0], [56919.5, 15000.0], [56919.0, 90.0]]","[[56928.5, 7000.0], [56937.5, 10770.0], [56939.0, 16290.0], [56941.0, 300.0], [56944.5, 1000.0], [56951.5, 3000.0], [56952.0, 90.0], [56955.0, 2000.0], [56959.0, 15580.0], [56959.5, 2000.0]]"
49,2021-11-19 09:53:28.458,"[[56928.0, 70700.0], [56926.5, 1000.0], [56926.0, 3000.0], [56924.5, 5000.0], [56924.0, 10000.0], [56922.5, 2150.0], [56921.5, 3020.0], [56920.0, 95990.0], [56919.5, 15000.0], [56919.0, 90.0]]","[[56928.5, 7000.0], [56937.5, 10770.0], [56939.0, 16290.0], [56941.0, 300.0], [56944.5, 1000.0], [56951.5, 3000.0], [56952.0, 90.0], [56955.0, 2000.0], [56958.5, 16800.0], [56959.0, 5580.0]]"
50,2021-11-19 09:53:28.674,"[[56928.0, 70700.0], [56926.5, 1000.0], [56926.0, 3000.0], [56924.5, 5000.0], [56924.0, 10000.0], [56922.5, 2150.0], [56921.5, 3020.0], [56920.0, 95990.0], [56919.5, 15000.0], [56919.0, 90.0]]","[[56928.5, 7000.0], [56937.5, 10770.0], [56939.0, 16290.0], [56941.0, 300.0], [56944.5, 1000.0], [56951.5, 3000.0], [56952.0, 90.0], [56955.0, 2000.0], [56958.5, 16800.0], [56959.0, 15580.0]]"
51,2021-11-19 09:53:29.110,"[[56928.0, 85400.0], [56926.5, 1000.0], [56926.0, 3000.0], [56924.5, 5000.0], [56924.0, 10000.0], [56922.5, 2150.0], [56921.5, 3020.0], [56920.0, 95990.0], [56919.5, 15000.0], [56919.0, 90.0]]","[[56928.5, 7000.0], [56937.5, 10770.0], [56939.0, 16290.0], [56941.0, 300.0], [56944.5, 1000.0], [56951.5, 3000.0], [56952.0, 90.0], [56954.5, 580.0], [56955.0, 2000.0], [56958.5, 16800.0]]"
52,2021-11-19 09:53:29.444,"[[56938.5, 86160.0], [56937.0, 2050.0], [56933.5, 3600.0], [56932.0, 20.0], [56931.5, 510.0], [56928.5, 50.0], [56928.0, 72850.0], [56926.0, 800.0], [56924.5, 5000.0], [56924.0, 10000.0]]","[[56939.0, 16290.0], [56944.5, 11770.0], [56951.5, 3000.0], [56952.0, 90.0], [56954.5, 580.0], [56955.0, 2000.0], [56958.5, 16800.0], [56959.0, 15580.0], [56959.5, 2000.0], [56962.0, 300.0]]"
53,2021-11-19 09:53:29.782,"[[56944.0, 2760.0], [56943.5, 1700.0], [56938.5, 83400.0], [56937.0, 20.0], [56936.5, 3000.0], [56933.5, 3600.0], [56932.5, 5000.0], [56931.5, 610.0], [56928.5, 1870.0], [56928.0, 72850.0]]","[[56944.5, 1000.0], [56951.5, 13770.0], [56955.0, 2000.0], [56958.5, 16800.0], [56959.0, 15580.0], [56959.5, 2000.0], [56962.0, 300.0], [56963.0, 15430.0], [56963.5, 5050.0], [56964.0, 70100.0]]"
54,2021-11-19 09:53:30.110,"[[56944.0, 9850.0], [56943.5, 1700.0], [56942.0, 1000.0], [56938.5, 83400.0], [56937.0, 20.0], [56933.5, 3600.0], [56932.5, 5000.0], [56931.5, 610.0], [56928.5, 1870.0], [56928.0, 35550.0]]","[[56944.5, 4780.0], [56948.5, 1000.0], [56951.5, 13770.0], [56958.5, 16800.0], [56959.0, 5000.0], [56959.5, 16410.0], [56961.0, 9980.0], [56961.5, 16420.0], [56962.0, 300.0], [56962.5, 16660.0]]"
55,2021-11-19 09:53:30.436,"[[56944.0, 1350.0], [56943.5, 1700.0], [56938.5, 83400.0], [56937.0, 20.0], [56936.0, 3000.0], [56933.5, 3600.0], [56932.5, 5000.0], [56931.5, 610.0], [56928.5, 1870.0], [56928.0, 35550.0]]","[[56944.5, 6760.0], [56947.0, 1000.0], [56948.0, 300.0], [56951.5, 93770.0], [56958.5, 16800.0], [56959.0, 15000.0], [56959.5, 16410.0], [56961.0, 9980.0], [56961.5, 16420.0], [56962.5, 16660.0]]"
56,2021-11-19 09:53:30.770,"[[56944.0, 1350.0], [56943.5, 1700.0], [56938.5, 83400.0], [56937.0, 20.0], [56933.5, 3600.0], [56932.0, 5000.0], [56931.5, 610.0], [56928.5, 1870.0], [56928.0, 35550.0], [56926.5, 2000.0]]","[[56944.5, 6760.0], [56948.0, 300.0], [56951.5, 90770.0], [56953.5, 3000.0], [56959.0, 15000.0], [56959.5, 16410.0], [56961.0, 9980.0], [56961.5, 16420.0], [56962.5, 16660.0], [56963.0, 15430.0]]"
57,2021-11-19 09:53:31.081,"[[56944.0, 1350.0], [56943.5, 1700.0], [56939.0, 3000.0], [56937.0, 20.0], [56933.5, 3600.0], [56932.0, 5000.0], [56931.5, 610.0], [56928.5, 50.0], [56928.0, 20850.0], [56927.0, 2000.0]]","[[56944.5, 6760.0], [56948.0, 300.0], [56950.0, 1000.0], [56951.5, 90770.0], [56953.5, 3000.0], [56958.5, 90.0], [56959.0, 5000.0], [56959.5, 16410.0], [56961.0, 9980.0], [56961.5, 16420.0]]"
58,2021-11-19 09:53:31.425,"[[56944.0, 1350.0], [56943.5, 1700.0], [56942.5, 3000.0], [56938.5, 5000.0], [56937.0, 20.0], [56933.5, 3600.0], [56931.5, 610.0], [56928.5, 50.0], [56928.0, 20850.0], [56926.5, 2000.0]]","[[56944.5, 6760.0], [56948.0, 300.0], [56951.5, 90770.0], [56958.0, 3000.0], [56958.5, 90.0], [56959.0, 15000.0], [56959.5, 16410.0], [56961.0, 9980.0], [56961.5, 16420.0], [56962.5, 16660.0]]"
59,2021-11-19 09:53:31.753,"[[56944.0, 1350.0], [56942.5, 3000.0], [56939.0, 1700.0], [56938.5, 5000.0], [56937.0, 20.0], [56933.5, 3600.0], [56931.5, 610.0], [56928.5, 50.0], [56928.0, 20850.0], [56926.5, 2000.0]]","[[56944.5, 6760.0], [56945.0, 300.0], [56951.5, 90770.0], [56958.0, 3000.0], [56958.5, 90.0], [56959.0, 15000.0], [56959.5, 16410.0], [56961.0, 9980.0], [56961.5, 16420.0], [56962.0, 5050.0]]"
60,2021-11-19 09:53:32.092,"[[56944.0, 1350.0], [56942.5, 3000.0], [56942.0, 1700.0], [56938.5, 5000.0], [56937.0, 20.0], [56933.5, 3600.0], [56931.5, 610.0], [56928.0, 20850.0], [56926.5, 2000.0], [56925.5, 800.0]]","[[56944.5, 16860.0], [56945.0, 300.0], [56948.0, 1000.0], [56951.5, 90770.0], [56954.0, 3000.0], [56958.5, 90.0], [56959.0, 15000.0], [56959.5, 16410.0], [56961.0, 9980.0], [56961.5, 16420.0]]"
61,2021-11-19 09:53:32.410,"[[56944.0, 1350.0], [56942.0, 1700.0], [56937.0, 20.0], [56933.5, 3600.0], [56932.0, 5000.0], [56931.5, 610.0], [56928.0, 22850.0], [56926.5, 2000.0], [56925.5, 800.0], [56924.0, 10000.0]]","[[56944.5, 6760.0], [56945.0, 300.0], [56951.5, 10770.0], [56954.0, 3000.0], [56958.5, 90.0], [56959.0, 17000.0], [56959.5, 16410.0], [56961.0, 9980.0], [56961.5, 16420.0], [56962.0, 5050.0]]"
62,2021-11-19 09:53:32.750,"[[56944.0, 1350.0], [56942.0, 1700.0], [56941.0, 3000.0], [56937.0, 20.0], [56933.5, 3600.0], [56931.5, 610.0], [56928.0, 22850.0], [56926.5, 2000.0], [56925.5, 800.0], [56924.0, 10000.0]]","[[56944.5, 6760.0], [56948.0, 300.0], [56950.0, 1000.0], [56951.5, 10770.0], [56954.0, 3000.0], [56958.5, 90.0], [56959.0, 17000.0], [56959.5, 16410.0], [56961.0, 9980.0], [56961.5, 16420.0]]"
63,2021-11-19 09:53:33.070,"[[56944.0, 1350.0], [56942.0, 1700.0], [56941.0, 3000.0], [56937.0, 5020.0], [56933.5, 3600.0], [56931.5, 610.0], [56928.0, 22850.0], [56926.5, 2000.0], [56925.5, 800.0], [56924.0, 10000.0]]","[[56944.5, 6760.0], [56945.0, 300.0], [56950.0, 1000.0], [56951.5, 10770.0], [56954.0, 3000.0], [56958.5, 90.0], [56959.0, 17000.0], [56959.5, 16410.0], [56961.0, 9980.0], [56961.5, 16420.0]]"
64,2021-11-19 09:53:33.365,"[[56944.0, 1350.0], [56942.0, 1700.0], [56941.0, 3000.0], [56937.0, 5020.0], [56933.5, 3600.0], [56931.5, 610.0], [56928.0, 22850.0], [56926.5, 2000.0], [56925.5, 800.0], [56924.0, 10000.0]]","[[56944.5, 6760.0], [56945.0, 300.0], [56950.0, 1000.0], [56951.5, 10770.0], [56954.0, 3000.0], [56958.5, 90.0], [56959.0, 17000.0], [56959.5, 16410.0], [56961.0, 9980.0], [56961.5, 16420.0]]"
65,2021-11-19 09:53:33.562,"[[56944.0, 1350.0], [56942.0, 1700.0], [56941.0, 3000.0], [56937.0, 5020.0], [56933.5, 3600.0], [56931.5, 610.0], [56928.0, 22850.0], [56926.5, 2000.0], [56925.5, 800.0], [56924.0, 10000.0]]","[[56944.5, 6760.0], [56945.0, 300.0], [56951.5, 10770.0], [56954.0, 3000.0], [56958.5, 90.0], [56959.0, 17000.0], [56959.5, 16410.0], [56961.0, 9980.0], [56961.5, 16420.0], [56962.0, 5050.0]]"
66,2021-11-19 09:53:34.067,"[[56944.0, 1350.0], [56941.0, 3000.0], [56939.5, 1700.0], [56937.0, 5020.0], [56933.5, 3600.0], [56931.5, 610.0], [56930.0, 20000.0], [56928.0, 2850.0], [56926.5, 2000.0], [56925.5, 800.0]]","[[56944.5, 6760.0], [56945.0, 300.0], [56950.0, 1000.0], [56951.5, 10770.0], [56954.0, 3000.0], [56958.5, 90.0], [56959.0, 17000.0], [56959.5, 16410.0], [56961.0, 9980.0], [56961.5, 16420.0]]"
67,2021-11-19 09:53:34.405,"[[56944.0, 1350.0], [56941.0, 3000.0], [56937.5, 1700.0], [56937.0, 5020.0], [56933.5, 3600.0], [56931.5, 610.0], [56930.0, 20000.0], [56928.0, 850.0], [56926.5, 2000.0], [56925.5, 800.0]]","[[56944.5, 6760.0], [56951.5, 10770.0], [56954.0, 1000.0], [56955.5, 300.0], [56958.0, 3000.0], [56958.5, 90.0], [56959.5, 16410.0], [56961.0, 9980.0], [56961.5, 16420.0], [56962.0, 5050.0]]"
68,2021-11-19 09:53:34.736,"[[56944.0, 1350.0], [56941.0, 3000.0], [56937.5, 1700.0], [56937.0, 20.0], [56935.5, 20000.0], [56933.5, 3600.0], [56931.5, 610.0], [56931.0, 10000.0], [56928.0, 850.0], [56926.5, 2000.0]]","[[56944.5, 6760.0], [56951.5, 10770.0], [56955.5, 300.0], [56958.5, 90.0], [56959.5, 16410.0], [56961.0, 9980.0], [56961.5, 16420.0], [56962.0, 5050.0], [56962.5, 16660.0], [56963.0, 15430.0]]"
69,2021-11-19 09:53:35.065,"[[56944.0, 1350.0], [56942.5, 6700.0], [56941.0, 3000.0], [56938.5, 510.0], [56937.0, 20.0], [56933.5, 3600.0], [56931.5, 610.0], [56930.5, 20000.0], [56928.0, 15850.0], [56926.5, 2000.0]]","[[56944.5, 6760.0], [56948.0, 300.0], [56951.5, 10770.0], [56956.0, 1000.0], [56958.5, 90.0], [56959.5, 16410.0], [56961.0, 9980.0], [56961.5, 16420.0], [56962.0, 3000.0], [56962.5, 16660.0]]"
70,2021-11-19 09:53:35.374,"[[56944.0, 1350.0], [56942.5, 6700.0], [56941.0, 3000.0], [56938.5, 510.0], [56937.0, 20.0], [56933.5, 3600.0], [56931.5, 610.0], [56930.5, 20000.0], [56928.0, 15850.0], [56926.5, 2000.0]]","[[56944.5, 6760.0], [56945.0, 10.0], [56948.0, 300.0], [56951.5, 10770.0], [56956.0, 1000.0], [56958.5, 90.0], [56959.5, 16410.0], [56961.0, 9980.0], [56961.5, 16420.0], [56962.0, 3000.0]]"
71,2021-11-19 09:53:35.682,"[[56944.0, 1350.0], [56942.5, 6700.0], [56941.0, 3000.0], [56938.5, 510.0], [56937.0, 20.0], [56933.5, 3600.0], [56931.5, 610.0], [56928.0, 15850.0], [56926.5, 2000.0], [56924.0, 800.0]]","[[56944.5, 6760.0], [56945.0, 10.0], [56948.0, 300.0], [56951.5, 10770.0], [56956.0, 1000.0], [56958.5, 90.0], [56959.5, 16410.0], [56961.0, 9980.0], [56961.5, 16420.0], [56962.0, 3000.0]]"
72,2021-11-19 09:53:36.045,"[[56944.0, 1350.0], [56942.5, 6700.0], [56941.0, 3000.0], [56938.5, 510.0], [56937.0, 20.0], [56934.5, 20800.0], [56933.5, 3600.0], [56931.5, 610.0], [56931.0, 10000.0], [56928.0, 15850.0]]","[[56944.5, 6760.0], [56945.0, 10.0], [56948.0, 300.0], [56951.5, 10770.0], [56956.0, 1000.0], [56958.5, 90.0], [56959.5, 16410.0], [56961.0, 9980.0], [56961.5, 16420.0], [56962.0, 3000.0]]"
73,2021-11-19 09:53:36.378,"[[56944.0, 1350.0], [56942.5, 6700.0], [56941.0, 3000.0], [56940.0, 90.0], [56938.5, 530.0], [56935.5, 22000.0], [56934.5, 800.0], [56933.5, 3600.0], [56931.5, 610.0], [56931.0, 10000.0]]","[[56944.5, 2000.0], [56945.0, 10.0], [56951.0, 300.0], [56951.5, 10770.0], [56958.5, 90.0], [56959.5, 16410.0], [56961.0, 9980.0], [56961.5, 16420.0], [56962.0, 3000.0], [56962.5, 16660.0]]"
74,2021-11-19 09:53:36.718,"[[56944.5, 83300.0], [56944.0, 1350.0], [56942.5, 5000.0], [56941.0, 3000.0], [56940.0, 110.0], [56938.5, 510.0], [56938.0, 10010.0], [56935.5, 20000.0], [56934.5, 3000.0], [56933.5, 3600.0]]","[[56961.5, 5100.0], [56962.5, 16660.0], [56963.5, 750.0], [56964.0, 5000.0], [56964.5, 540.0], [56965.0, 310.0], [56965.5, 5000.0], [56967.5, 590.0], [56968.0, 3600.0], [56972.0, 150.0]]"
75,2021-11-19 09:53:37.032,"[[56951.0, 350.0], [56950.5, 1000.0], [56949.0, 3000.0], [56948.0, 2000.0], [56943.0, 20.0], [56942.5, 5000.0], [56942.0, 20000.0], [56940.5, 3600.0], [56940.0, 90.0], [56938.5, 510.0]]","[[56961.5, 5100.0], [56962.5, 16660.0], [56964.0, 3000.0], [56965.0, 310.0], [56972.0, 150.0], [56973.5, 20090.0], [56974.0, 19940.0], [56974.5, 3600.0], [56978.0, 16920.0], [56978.5, 7100.0]]"
76,2021-11-19 09:53:37.372,"[[56951.0, 1330.0], [56945.5, 2000.0], [56945.0, 3000.0], [56943.5, 90.0], [56942.5, 5000.0], [56942.0, 20.0], [56940.5, 3600.0], [56940.0, 90.0], [56938.5, 510.0], [56938.0, 31830.0]]","[[56951.5, 2760.0], [56960.0, 1000.0], [56964.0, 3000.0], [56965.0, 310.0], [56967.0, 3000.0], [56971.5, 16810.0], [56972.0, 150.0], [56972.5, 6490.0], [56973.0, 27490.0], [56973.5, 90.0]]"
77,2021-11-19 09:53:37.704,"[[56951.5, 330.0], [56946.0, 2000.0], [56943.5, 110.0], [56940.5, 6600.0], [56940.0, 90.0], [56938.5, 510.0], [56938.0, 31830.0], [56937.5, 103570.0], [56934.5, 3000.0], [56931.5, 610.0]]","[[56964.5, 10000.0], [56965.0, 310.0], [56967.0, 3000.0], [56968.0, 150.0], [56971.5, 16810.0], [56973.0, 17490.0], [56973.5, 4090.0], [56974.5, 13500.0], [56978.0, 16920.0], [56978.5, 37630.0]]"
78,2021-11-19 09:53:38.005,"[[56955.0, 330.0], [56951.5, 7000.0], [56951.0, 2000.0], [56947.0, 20.0], [56943.5, 90.0], [56941.5, 20000.0], [56941.0, 150.0], [56940.5, 5600.0], [56940.0, 90.0], [56938.5, 510.0]]","[[56961.5, 1550.0], [56965.0, 310.0], [56971.5, 16270.0], [56973.0, 17490.0], [56973.5, 240.0], [56974.5, 13500.0], [56975.0, 2000.0], [56978.0, 16920.0], [56978.5, 37630.0], [56979.0, 580.0]]"
79,2021-11-19 09:53:38.359,"[[56955.5, 330.0], [56951.5, 7000.0], [56951.0, 2000.0], [56947.0, 20.0], [56945.0, 20000.0], [56943.5, 90.0], [56941.0, 150.0], [56940.5, 5600.0], [56940.0, 90.0], [56938.5, 510.0]]","[[56961.5, 1550.0], [56965.0, 310.0], [56971.5, 16270.0], [56973.0, 26910.0], [56973.5, 240.0], [56974.5, 13500.0], [56975.0, 2000.0], [56978.0, 16920.0], [56978.5, 37630.0], [56979.0, 580.0]]"
80,2021-11-19 09:53:38.653,"[[56956.0, 330.0], [56951.5, 7000.0], [56951.0, 2000.0], [56947.0, 20.0], [56946.0, 20000.0], [56943.5, 90.0], [56941.5, 2000.0], [56941.0, 150.0], [56940.5, 5600.0], [56940.0, 90.0]]","[[56961.5, 1550.0], [56965.0, 310.0], [56971.5, 16270.0], [56973.0, 26910.0], [56973.5, 90.0], [56974.5, 13500.0], [56975.0, 2000.0], [56978.0, 16920.0], [56978.5, 37630.0], [56979.0, 730.0]]"
81,2021-11-19 09:53:39.019,"[[56956.5, 330.0], [56951.5, 7000.0], [56951.0, 2000.0], [56947.0, 20.0], [56945.0, 20000.0], [56943.5, 90.0], [56941.0, 150.0], [56940.5, 5600.0], [56940.0, 90.0], [56939.0, 800.0]]","[[56961.5, 1550.0], [56965.0, 310.0], [56971.5, 16270.0], [56973.0, 16910.0], [56973.5, 90.0], [56974.5, 13500.0], [56977.5, 580.0], [56978.0, 16920.0], [56978.5, 37630.0], [56979.0, 730.0]]"
82,2021-11-19 09:53:39.351,"[[56957.0, 330.0], [56951.5, 7000.0], [56950.5, 2000.0], [56948.5, 20.0], [56943.5, 90.0], [56942.5, 20000.0], [56941.0, 150.0], [56940.5, 5600.0], [56940.0, 90.0], [56939.0, 800.0]]","[[56961.5, 1550.0], [56965.0, 310.0], [56970.5, 2000.0], [56971.5, 16270.0], [56973.0, 16910.0], [56973.5, 90.0], [56974.5, 13500.0], [56977.5, 580.0], [56978.0, 16920.0], [56978.5, 37630.0]]"
83,2021-11-19 09:53:39.692,"[[56961.0, 3090.0], [56960.5, 3000.0], [56960.0, 2000.0], [56959.0, 1000.0], [56954.5, 5000.0], [56952.5, 100.0], [56952.0, 20.0], [56951.5, 7000.0], [56949.0, 20000.0], [56947.0, 800.0]]","[[56961.5, 1550.0], [56965.0, 310.0], [56971.5, 16270.0], [56972.0, 1000.0], [56973.0, 16910.0], [56973.5, 90.0], [56974.5, 12750.0], [56978.0, 16920.0], [56978.5, 37630.0], [56979.0, 730.0]]"
84,2021-11-19 09:53:40.015,"[[56961.0, 3090.0], [56960.5, 3000.0], [56960.0, 2000.0], [56959.0, 1000.0], [56956.5, 800.0], [56955.0, 510.0], [56954.5, 5020.0], [56952.5, 100.0], [56952.0, 20000.0], [56951.5, 7000.0]]","[[56961.5, 1550.0], [56965.0, 310.0], [56971.5, 16270.0], [56972.0, 1000.0], [56973.0, 16910.0], [56973.5, 90.0], [56974.5, 12750.0], [56978.0, 16920.0], [56978.5, 37630.0], [56979.0, 730.0]]"
85,2021-11-19 09:53:40.342,"[[56961.0, 3090.0], [56960.5, 3000.0], [56959.0, 1000.0], [56957.5, 2000.0], [56957.0, 2000.0], [56956.5, 800.0], [56955.0, 510.0], [56954.5, 5020.0], [56952.5, 100.0], [56952.0, 20000.0]]","[[56961.5, 1550.0], [56965.0, 310.0], [56971.5, 16270.0], [56973.0, 16910.0], [56973.5, 90.0], [56974.5, 10150.0], [56978.0, 16920.0], [56978.5, 37630.0], [56979.0, 730.0], [56979.5, 3450.0]]"
86,2021-11-19 09:53:40.678,"[[56961.0, 3090.0], [56960.5, 3000.0], [56960.0, 5000.0], [56959.0, 1000.0], [56957.5, 4000.0], [56955.0, 20510.0], [56954.5, 20.0], [56954.0, 950.0], [56952.5, 100.0], [56952.0, 10000.0]]","[[56961.5, 1550.0], [56965.0, 310.0], [56971.5, 16270.0], [56973.5, 90.0], [56974.5, 9150.0], [56978.5, 15050.0], [56979.5, 450.0], [56980.0, 2000.0], [56981.0, 3770.0], [56982.5, 570.0]]"
87,2021-11-19 09:53:41.016,"[[56961.0, 52790.0], [56960.5, 3000.0], [56960.0, 5000.0], [56959.0, 1000.0], [56957.5, 4000.0], [56956.0, 20.0], [56955.5, 2000.0], [56955.0, 20510.0], [56954.0, 950.0], [56952.5, 100.0]]","[[56961.5, 1550.0], [56965.0, 310.0], [56971.5, 16270.0], [56979.5, 450.0], [56980.0, 12000.0], [56981.0, 3770.0], [56982.5, 570.0], [56983.0, 930.0], [56985.5, 3590.0], [56986.5, 6550.0]]"
88,2021-11-19 09:53:41.345,"[[56961.0, 3090.0], [56959.0, 1000.0], [56957.5, 2000.0], [56956.0, 3020.0], [56955.0, 22510.0], [56953.0, 5000.0], [56952.5, 100.0], [56952.0, 10000.0], [56951.5, 7800.0], [56947.5, 3000.0]]","[[56961.5, 1550.0], [56965.0, 310.0], [56970.0, 1000.0], [56971.5, 16270.0], [56977.0, 3000.0], [56979.5, 450.0], [56980.0, 11000.0], [56981.0, 3770.0], [56982.0, 3150.0], [56982.5, 670.0]]"
89,2021-11-19 09:53:41.674,"[[56961.0, 3190.0], [56960.5, 5000.0], [56959.5, 23000.0], [56959.0, 3000.0], [56957.5, 2000.0], [56956.0, 20.0], [56955.0, 4110.0], [56951.5, 7000.0], [56951.0, 800.0], [56947.5, 3000.0]]","[[56961.5, 1550.0], [56965.0, 310.0], [56971.5, 16270.0], [56979.0, 1000.0], [56979.5, 450.0], [56980.0, 1000.0], [56981.0, 170.0], [56982.0, 3000.0], [56982.5, 100.0], [56983.0, 930.0]]"
90,2021-11-19 09:53:41.995,"[[56964.5, 88470.0], [56964.0, 3000.0], [56963.5, 800.0], [56963.0, 10010.0], [56961.0, 83100.0], [56960.5, 5000.0], [56959.5, 20000.0], [56959.0, 2000.0], [56958.5, 20.0], [56957.5, 2000.0]]","[[56965.0, 310.0], [56970.5, 11090.0], [56971.5, 16270.0], [56979.5, 450.0], [56980.0, 1000.0], [56981.0, 170.0], [56982.0, 3000.0], [56982.5, 100.0], [56983.0, 930.0], [56984.5, 1000.0]]"
91,2021-11-19 09:53:42.334,"[[56964.5, 4030.0], [56964.0, 3000.0], [56963.0, 10010.0], [56962.5, 20000.0], [56961.0, 100.0], [56960.5, 5000.0], [56959.0, 10000.0], [56958.5, 20.0], [56958.0, 800.0], [56957.5, 2000.0]]","[[56965.0, 310.0], [56970.5, 11090.0], [56979.5, 450.0], [56980.0, 1000.0], [56981.0, 170.0], [56982.0, 3000.0], [56982.5, 100.0], [56983.0, 930.0], [56985.5, 590.0], [56989.5, 3600.0]]"
92,2021-11-19 09:53:42.663,"[[56977.0, 4760.0], [56974.0, 2000.0], [56970.5, 20.0], [56970.0, 83890.0], [56969.5, 20000.0], [56963.0, 13610.0], [56960.0, 1370.0], [56956.0, 90.0], [56955.0, 510.0], [56952.0, 550.0]]","[[56977.5, 11090.0], [56979.5, 450.0], [56980.0, 1000.0], [56981.0, 170.0], [56982.0, 3000.0], [56983.0, 930.0], [56990.5, 16470.0], [56991.0, 160.0], [56992.0, 2000.0], [56993.0, 9000.0]]"
93,2021-11-19 09:53:42.993,"[[56979.0, 85780.0], [56977.0, 85930.0], [56976.5, 3000.0], [56974.5, 25020.0], [56974.0, 2000.0], [56972.0, 980.0], [56971.0, 3600.0], [56970.0, 90.0], [56969.5, 800.0], [56968.0, 90.0]]","[[56979.5, 450.0], [56980.0, 1000.0], [56981.0, 170.0], [56983.0, 930.0], [56984.5, 11090.0], [56990.5, 16470.0], [56991.0, 160.0], [56993.0, 9000.0], [56996.5, 2000.0], [56998.5, 600.0]]"
94,2021-11-19 09:53:43.323,"[[56979.0, 86110.0], [56978.5, 2000.0], [56977.0, 3000.0], [56976.5, 3000.0], [56974.5, 25020.0], [56973.0, 10000.0], [56972.5, 150.0], [56972.0, 980.0], [56971.0, 3600.0], [56970.0, 90.0]]","[[56979.5, 560.0], [56980.0, 1000.0], [56981.0, 170.0], [56983.0, 930.0], [56984.5, 11090.0], [56990.5, 16470.0], [56991.0, 160.0], [56993.0, 9000.0], [56996.5, 2000.0], [56999.5, 930.0]]"
95,2021-11-19 09:53:43.635,"[[56979.0, 86110.0], [56978.5, 2800.0], [56977.0, 3000.0], [56976.5, 23000.0], [56974.5, 5020.0], [56972.5, 150.0], [56972.0, 980.0], [56971.0, 3600.0], [56970.0, 90.0], [56969.5, 3000.0]]","[[56979.5, 560.0], [56980.0, 1000.0], [56981.0, 170.0], [56983.0, 930.0], [56984.5, 11090.0], [56990.5, 16470.0], [56991.0, 160.0], [56993.0, 9000.0], [56996.0, 3000.0], [56996.5, 2000.0]]"
96,2021-11-19 09:53:43.951,"[[56979.0, 96110.0], [56978.5, 2000.0], [56977.0, 3800.0], [56976.5, 23000.0], [56974.5, 5020.0], [56972.5, 150.0], [56972.0, 980.0], [56971.0, 3600.0], [56970.0, 90.0], [56969.5, 3000.0]]","[[56979.5, 560.0], [56980.0, 1000.0], [56981.0, 170.0], [56983.0, 930.0], [56984.5, 11090.0], [56990.5, 16470.0], [56991.0, 160.0], [56993.0, 9000.0], [56999.5, 930.0], [57000.0, 10.0]]"
97,2021-11-19 09:53:44.286,"[[56979.0, 13090.0], [56978.5, 2000.0], [56977.0, 3800.0], [56976.5, 3000.0], [56974.5, 25020.0], [56972.5, 150.0], [56972.0, 980.0], [56971.0, 3600.0], [56970.0, 2090.0], [56969.5, 3000.0]]","[[56979.5, 560.0], [56980.0, 1000.0], [56981.0, 170.0], [56983.0, 930.0], [56984.5, 11090.0], [56990.5, 16470.0], [56991.0, 160.0], [56993.0, 9000.0], [56999.0, 3000.0], [56999.5, 930.0]]"
98,2021-11-19 09:53:44.641,"[[56979.0, 13090.0], [56978.5, 2000.0], [56977.0, 3800.0], [56976.5, 3000.0], [56974.5, 5000.0], [56972.5, 150.0], [56972.0, 980.0], [56971.0, 23600.0], [56970.5, 20.0], [56970.0, 90.0]]","[[56979.5, 560.0], [56980.0, 1000.0], [56981.0, 170.0], [56983.0, 930.0], [56984.5, 11090.0], [56990.5, 16470.0], [56991.0, 160.0], [56993.0, 9000.0], [56999.0, 3000.0], [56999.5, 930.0]]"
99,2021-11-19 09:53:44.960,"[[56979.0, 13090.0], [56978.5, 2000.0], [56977.0, 3800.0], [56976.5, 3000.0], [56974.5, 5000.0], [56972.5, 150.0], [56972.0, 980.0], [56971.0, 3600.0], [56970.5, 20.0], [56970.0, 90.0]]","[[56979.5, 560.0], [56980.0, 1000.0], [56981.0, 170.0], [56983.0, 930.0], [56984.5, 11090.0], [56990.5, 16470.0], [56991.0, 160.0], [56993.0, 9000.0], [56999.0, 3000.0], [56999.5, 930.0]]"
100,2021-11-19 09:53:45.301,"[[56979.0, 13090.0], [56978.5, 2000.0], [56977.0, 1800.0], [56976.5, 3000.0], [56974.5, 5000.0], [56973.0, 20000.0], [56972.5, 150.0], [56972.0, 1000.0], [56971.0, 3600.0], [56970.0, 90.0]]","[[56979.5, 560.0], [56980.0, 1000.0], [56981.0, 170.0], [56983.0, 930.0], [56984.5, 11090.0], [56990.5, 16470.0], [56991.0, 160.0], [56993.0, 9000.0], [56994.0, 1000.0], [56999.5, 3930.0]]"
101,2021-11-19 09:53:45.631,"[[56979.0, 3090.0], [56978.5, 2000.0], [56977.0, 1800.0], [56976.5, 3000.0], [56974.5, 5000.0], [56972.0, 1000.0], [56971.0, 3600.0], [56970.0, 90.0], [56969.5, 3000.0], [56968.0, 20240.0]]","[[56979.5, 560.0], [56980.0, 1000.0], [56981.0, 170.0], [56983.0, 930.0], [56984.5, 11090.0], [56990.5, 16470.0], [56991.0, 160.0], [56993.0, 9000.0], [56994.0, 1000.0], [56999.5, 3930.0]]"
102,2021-11-19 09:53:45.938,"[[56979.0, 49890.0], [56978.5, 2000.0], [56977.0, 1800.0], [56976.5, 3000.0], [56974.5, 5000.0], [56973.0, 10000.0], [56972.0, 1000.0], [56971.0, 3600.0], [56970.0, 90.0], [56969.5, 3000.0]]","[[56979.5, 560.0], [56980.0, 1000.0], [56981.0, 170.0], [56983.0, 930.0], [56984.5, 11090.0], [56990.5, 16470.0], [56991.0, 160.0], [56993.0, 9000.0], [56994.0, 1000.0], [56999.5, 3930.0]]"
103,2021-11-19 09:53:46.304,"[[56979.0, 49890.0], [56978.5, 2000.0], [56977.0, 1800.0], [56976.5, 3000.0], [56974.5, 5000.0], [56972.0, 1000.0], [56971.0, 3600.0], [56970.0, 90.0], [56969.5, 3000.0], [56968.0, 20240.0]]","[[56979.5, 560.0], [56980.0, 1000.0], [56981.0, 170.0], [56983.0, 930.0], [56984.5, 11090.0], [56990.5, 16470.0], [56991.0, 160.0], [56993.0, 9000.0], [56997.0, 1000.0], [56999.0, 560.0]]"
104,2021-11-19 09:53:46.632,"[[56979.0, 59890.0], [56978.5, 2000.0], [56977.0, 1800.0], [56976.5, 3000.0], [56974.5, 5000.0], [56972.0, 21000.0], [56971.0, 3600.0], [56970.0, 90.0], [56969.5, 3000.0], [56968.0, 240.0]]","[[56979.5, 560.0], [56980.0, 1000.0], [56981.0, 170.0], [56983.0, 930.0], [56984.5, 11090.0], [56990.5, 16470.0], [56991.0, 160.0], [56993.0, 9000.0], [56997.5, 1000.0], [56999.5, 930.0]]"
105,2021-11-19 09:53:46.959,"[[56979.0, 49890.0], [56978.5, 2000.0], [56977.0, 1800.0], [56976.5, 3000.0], [56975.0, 20000.0], [56974.5, 5000.0], [56973.5, 20.0], [56972.0, 980.0], [56971.0, 3600.0], [56970.0, 90.0]]","[[56979.5, 560.0], [56980.0, 1000.0], [56981.0, 170.0], [56983.0, 930.0], [56984.5, 11090.0], [56990.5, 16470.0], [56991.0, 160.0], [56993.0, 9000.0], [56999.5, 930.0], [57000.0, 10.0]]"
106,2021-11-19 09:53:47.262,"[[56979.0, 49890.0], [56978.5, 2000.0], [56977.0, 1800.0], [56976.5, 3000.0], [56975.0, 20000.0], [56974.5, 5000.0], [56973.5, 20.0], [56972.0, 2980.0], [56971.0, 3600.0], [56970.0, 90.0]]","[[56979.5, 560.0], [56980.0, 1000.0], [56981.0, 170.0], [56983.0, 930.0], [56984.5, 11090.0], [56990.5, 16470.0], [56991.0, 160.0], [56993.0, 9000.0], [56999.5, 930.0], [57000.0, 10.0]]"
107,2021-11-19 09:53:47.612,"[[56979.0, 79890.0], [56978.5, 2000.0], [56977.0, 1800.0], [56976.5, 3000.0], [56974.5, 5000.0], [56973.5, 20.0], [56972.0, 2980.0], [56971.0, 3600.0], [56970.0, 90.0], [56969.5, 3000.0]]","[[56979.5, 560.0], [56980.0, 1000.0], [56981.0, 170.0], [56983.0, 930.0], [56984.0, 10000.0], [56984.5, 11090.0], [56990.0, 2500.0], [56990.5, 16470.0], [56991.0, 160.0], [56993.0, 9000.0]]"
108,2021-11-19 09:53:47.954,"[[56979.0, 59890.0], [56978.5, 2000.0], [56977.0, 1800.0], [56976.5, 3000.0], [56974.5, 5000.0], [56973.5, 20.0], [56972.0, 20980.0], [56971.0, 3600.0], [56970.0, 90.0], [56969.5, 3000.0]]","[[56979.5, 550.0], [56980.0, 1000.0], [56981.0, 170.0], [56983.0, 930.0], [56984.0, 10000.0], [56984.5, 11090.0], [56990.0, 2500.0], [56990.5, 16470.0], [56991.0, 160.0], [56993.0, 9000.0]]"
109,2021-11-19 09:53:48.284,"[[56979.0, 13090.0], [56978.5, 2000.0], [56977.0, 1800.0], [56976.5, 3000.0], [56975.5, 20000.0], [56974.5, 5000.0], [56973.5, 20.0], [56972.0, 980.0], [56971.0, 3600.0], [56970.0, 90.0]]","[[56979.5, 550.0], [56980.0, 1000.0], [56981.0, 170.0], [56983.0, 930.0], [56984.0, 10000.0], [56984.5, 11090.0], [56990.0, 2500.0], [56990.5, 16470.0], [56991.0, 160.0], [56993.0, 9000.0]]"
110,2021-11-19 09:53:48.618,"[[56979.0, 13090.0], [56978.5, 2000.0], [56977.0, 1800.0], [56976.5, 3000.0], [56974.5, 5000.0], [56973.5, 20.0], [56972.0, 980.0], [56971.0, 3600.0], [56970.0, 90.0], [56969.5, 3000.0]]","[[56979.5, 550.0], [56980.0, 1000.0], [56981.0, 170.0], [56983.0, 930.0], [56984.0, 10000.0], [56984.5, 11090.0], [56990.0, 2500.0], [56990.5, 16470.0], [56991.0, 160.0], [56993.0, 9000.0]]"
111,2021-11-19 09:53:48.914,"[[56979.0, 13090.0], [56978.5, 2000.0], [56977.0, 1800.0], [56976.5, 3000.0], [56976.0, 20000.0], [56974.5, 5000.0], [56973.5, 20.0], [56972.0, 980.0], [56971.0, 3600.0], [56970.0, 90.0]]","[[56979.5, 570.0], [56980.0, 1000.0], [56981.0, 170.0], [56983.0, 930.0], [56984.0, 10000.0], [56984.5, 11090.0], [56990.0, 2500.0], [56990.5, 16470.0], [56991.0, 160.0], [56993.0, 9000.0]]"
112,2021-11-19 09:53:49.259,"[[56982.5, 89470.0], [56982.0, 3000.0], [56981.5, 1000.0], [56979.5, 90.0], [56979.0, 10000.0], [56978.0, 530.0], [56977.0, 800.0], [56976.0, 20000.0], [56974.5, 5000.0], [56972.0, 980.0]]","[[56983.0, 930.0], [56984.5, 11090.0], [56990.0, 12500.0], [56990.5, 16470.0], [56991.0, 160.0], [56993.0, 9000.0], [56999.5, 930.0], [57000.0, 10.0], [57002.0, 3000.0], [57005.0, 3600.0]]"
113,2021-11-19 09:53:49.580,"[[56971.0, 3600.0], [56969.5, 5000.0], [56968.0, 240.0], [56966.0, 510.0], [56965.0, 20.0], [56963.5, 22390.0], [56963.0, 10010.0], [56960.5, 15630.0], [56960.0, 1370.0], [56957.0, 16230.0]]","[[56975.0, 8280.0], [56977.0, 5020.0], [56979.5, 10000.0], [56980.0, 5000.0], [56982.0, 92800.0], [56982.5, 14830.0], [56983.0, 930.0], [56984.5, 11090.0], [56990.0, 10000.0], [56990.5, 16470.0]]"
114,2021-11-19 09:53:49.831,"[[56957.0, 1460.0], [56956.0, 44980.0], [56953.0, 1820.0], [56952.0, 90.0], [56951.5, 540.0], [56947.5, 3000.0], [56947.0, 5570.0], [56946.5, 17520.0], [56946.0, 20.0], [56943.5, 2090.0]]","[[56957.5, 86940.0], [56968.0, 82800.0], [56968.5, 82890.0], [56969.0, 510.0], [56969.5, 82820.0], [56970.0, 82800.0], [56971.0, 82800.0], [56971.5, 10000.0], [56976.0, 1380.0], [56977.5, 11090.0]]"
115,2021-11-19 09:53:50.139,"[[56956.0, 10490.0], [56952.0, 890.0], [56943.0, 20000.0], [56942.0, 20.0], [56934.0, 7380.0], [56933.5, 26000.0], [56932.5, 5000.0], [56932.0, 550.0], [56931.5, 100.0], [56926.0, 150.0]]","[[56956.5, 108910.0], [56957.0, 82800.0], [56957.5, 94890.0], [56968.0, 82800.0], [56968.5, 102830.0], [56969.0, 510.0], [56969.5, 840.0], [56971.5, 50000.0], [56973.5, 10010.0], [56975.5, 19240.0]]"
116,2021-11-19 09:53:50.579,"[[56943.0, 19170.0], [56940.5, 510.0], [56938.0, 3000.0], [56937.5, 800.0], [56936.5, 20.0], [56934.0, 510.0], [56932.0, 5550.0], [56926.0, 150.0], [56925.5, 2000.0], [56924.5, 2000.0]]","[[56943.5, 2760.0], [56944.0, 6900.0], [56945.5, 3600.0], [56956.0, 83050.0], [56956.5, 82890.0], [56957.0, 82800.0], [56957.5, 12090.0], [56958.0, 5000.0], [56958.5, 50000.0], [56962.0, 2000.0]]"
117,2021-11-19 09:53:50.931,"[[56943.0, 18200.0], [56940.5, 510.0], [56937.5, 800.0], [56937.0, 1000.0], [56934.0, 510.0], [56932.0, 20.0], [56929.0, 3000.0], [56926.0, 150.0], [56925.5, 2000.0], [56923.5, 7380.0]]","[[56943.5, 71660.0], [56944.0, 6900.0], [56945.5, 3600.0], [56953.5, 1000.0], [56954.5, 18840.0], [56956.0, 83050.0], [56956.5, 106000.0], [56957.0, 82800.0], [56957.5, 10090.0], [56958.5, 50000.0]]"
118,2021-11-19 09:53:51.253,"[[56928.5, 2270.0], [56925.5, 2000.0], [56923.0, 5000.0], [56921.5, 90.0], [56920.5, 540.0], [56920.0, 96140.0], [56919.0, 16110.0], [56918.5, 17010.0], [56916.0, 20.0], [56914.0, 1820.0]]","[[56929.5, 95560.0], [56932.5, 82800.0], [56938.0, 82800.0], [56941.0, 82800.0], [56943.5, 69410.0], [56945.5, 3600.0], [56947.0, 50000.0], [56947.5, 1000.0], [56955.0, 3000.0], [56955.5, 6500.0]]"
119,2021-11-19 09:53:51.584,"[[56929.0, 10.0], [56928.5, 510.0], [56925.5, 3760.0], [56920.0, 96160.0], [56919.0, 16110.0], [56918.5, 17010.0], [56918.0, 510.0], [56917.0, 10000.0], [56916.5, 20000.0], [56914.5, 550.0]]","[[56929.5, 4760.0], [56937.5, 5000.0], [56938.0, 82800.0], [56939.5, 2000.0], [56941.0, 82800.0], [56943.0, 50000.0], [56943.5, 30650.0], [56944.5, 90.0], [56945.5, 3600.0], [56949.5, 11090.0]]"
120,2021-11-19 09:53:51.921,"[[56920.0, 95990.0], [56918.5, 18770.0], [56918.0, 510.0], [56917.0, 10000.0], [56916.5, 510.0], [56912.5, 20.0], [56910.5, 150.0], [56910.0, 3600.0], [56909.5, 2000.0], [56908.0, 100.0]]","[[56920.5, 2760.0], [56926.0, 82700.0], [56929.0, 82700.0], [56929.5, 10.0], [56938.0, 82800.0], [56939.5, 14230.0], [56940.5, 7660.0], [56941.0, 82800.0], [56943.5, 12560.0], [56944.5, 90.0]]"
121,2021-11-19 09:53:52.245,"[[56920.0, 95990.0], [56918.5, 18770.0], [56918.0, 510.0], [56917.5, 20000.0], [56917.0, 10000.0], [56916.5, 510.0], [56912.5, 20.0], [56910.5, 150.0], [56909.5, 2000.0], [56908.0, 100.0]]","[[56920.5, 4770.0], [56926.0, 82700.0], [56929.0, 82700.0], [56937.5, 10000.0], [56938.0, 86400.0], [56939.5, 14230.0], [56940.5, 9660.0], [56941.0, 82800.0], [56943.5, 12560.0], [56944.5, 90.0]]"
122,2021-11-19 09:53:52.563,"[[56920.0, 131830.0], [56918.5, 18770.0], [56918.0, 510.0], [56917.5, 20000.0], [56917.0, 10000.0], [56916.5, 510.0], [56912.5, 20.0], [56910.5, 150.0], [56909.5, 2000.0], [56908.0, 100.0]]","[[56920.5, 4770.0], [56926.0, 82700.0], [56929.0, 82700.0], [56937.5, 10000.0], [56938.0, 86400.0], [56939.5, 14230.0], [56940.5, 9660.0], [56941.0, 82800.0], [56942.5, 11090.0], [56943.5, 12560.0]]"
123,2021-11-19 09:53:52.880,"[[56920.0, 113920.0], [56918.5, 18770.0], [56918.0, 510.0], [56917.5, 20000.0], [56917.0, 10000.0], [56916.5, 510.0], [56912.5, 20.0], [56910.5, 150.0], [56909.5, 2000.0], [56908.0, 100.0]]","[[56920.5, 4770.0], [56926.0, 82700.0], [56929.0, 82700.0], [56935.5, 11090.0], [56937.5, 10000.0], [56938.0, 86400.0], [56939.5, 14230.0], [56940.5, 2500.0], [56943.0, 5000.0], [56943.5, 12560.0]]"
124,2021-11-19 09:53:53.226,"[[56920.0, 116920.0], [56919.5, 1000.0], [56918.5, 18770.0], [56918.0, 510.0], [56917.5, 20000.0], [56917.0, 10000.0], [56916.5, 510.0], [56914.5, 5000.0], [56913.0, 67600.0], [56912.5, 20.0]]","[[56920.5, 4770.0], [56926.0, 82700.0], [56929.0, 82700.0], [56935.5, 11090.0], [56937.5, 11000.0], [56938.0, 86400.0], [56939.5, 14230.0], [56940.5, 2500.0], [56943.0, 5000.0], [56943.5, 12560.0]]"
125,2021-11-19 09:53:53.573,"[[56920.0, 116920.0], [56919.5, 1000.0], [56918.5, 18770.0], [56918.0, 510.0], [56917.5, 20000.0], [56917.0, 10000.0], [56916.5, 510.0], [56914.5, 5000.0], [56913.0, 67600.0], [56912.5, 20.0]]","[[56920.5, 4770.0], [56926.0, 82700.0], [56929.0, 82700.0], [56935.5, 61090.0], [56937.5, 11000.0], [56938.0, 86400.0], [56939.5, 14230.0], [56940.0, 2000.0], [56940.5, 2500.0], [56943.5, 12560.0]]"
126,2021-11-19 09:53:53.903,"[[56920.0, 116920.0], [56919.5, 1000.0], [56918.5, 17010.0], [56918.0, 510.0], [56917.5, 20000.0], [56917.0, 10000.0], [56916.5, 510.0], [56915.5, 1060.0], [56914.5, 5000.0], [56912.5, 20.0]]","[[56920.5, 4770.0], [56926.0, 82700.0], [56929.0, 82700.0], [56935.5, 61090.0], [56937.5, 11000.0], [56938.0, 3600.0], [56939.5, 14230.0], [56940.0, 2000.0], [56940.5, 2500.0], [56943.5, 12560.0]]"
127,2021-11-19 09:53:54.231,"[[56920.0, 95990.0], [56919.5, 1000.0], [56915.5, 3000.0], [56914.5, 5000.0], [56912.5, 20.0], [56910.5, 1210.0], [56910.0, 20000.0], [56908.0, 100.0], [56906.5, 18250.0], [56905.0, 1370.0]]","[[56920.5, 4770.0], [56926.0, 82700.0], [56929.0, 82700.0], [56932.0, 100.0], [56935.0, 1000.0], [56935.5, 61090.0], [56937.5, 10000.0], [56938.0, 21500.0], [56939.5, 14230.0], [56940.0, 2000.0]]"
128,2021-11-19 09:53:54.563,"[[56920.0, 65160.0], [56908.5, 1000.0], [56908.0, 120.0], [56903.0, 10000.0], [56902.5, 7060.0], [56900.5, 5150.0], [56899.0, 20000.0], [56898.5, 19910.0], [56897.0, 19910.0], [56896.5, 17010.0]]","[[56920.5, 92310.0], [56924.0, 4600.0], [56926.0, 82700.0], [56928.5, 10.0], [56929.0, 82700.0], [56931.5, 90.0], [56932.5, 8000.0], [56935.5, 61090.0], [56936.0, 2000.0], [56936.5, 19930.0]]"
129,2021-11-19 09:53:54.892,"[[56920.0, 65160.0], [56911.0, 1000.0], [56909.5, 20.0], [56908.0, 100.0], [56906.5, 3000.0], [56903.0, 10000.0], [56902.5, 3000.0], [56901.0, 8440.0], [56900.5, 25150.0], [56898.5, 19910.0]]","[[56920.5, 110720.0], [56924.0, 3600.0], [56926.0, 82700.0], [56927.0, 1000.0], [56928.5, 10.0], [56931.5, 90.0], [56932.5, 8000.0], [56933.0, 20000.0], [56935.5, 61090.0], [56936.5, 19930.0]]"
130,2021-11-19 09:53:55.226,"[[56920.0, 65160.0], [56911.5, 510.0], [56909.5, 20.0], [56909.0, 510.0], [56908.0, 100.0], [56903.0, 10000.0], [56901.0, 1060.0], [56899.5, 20000.0], [56898.5, 19910.0], [56897.0, 19910.0]]","[[56920.5, 109700.0], [56924.0, 3600.0], [56926.0, 82700.0], [56928.5, 10.0], [56930.5, 510.0], [56931.5, 90.0], [56932.5, 5000.0], [56933.0, 20000.0], [56935.0, 16960.0], [56935.5, 61090.0]]"
131,2021-11-19 09:53:55.545,"[[56920.0, 34330.0], [56909.5, 20.0], [56908.0, 100.0], [56903.5, 20000.0], [56903.0, 10000.0], [56898.5, 21910.0], [56897.0, 19910.0], [56896.5, 17810.0], [56895.5, 150.0], [56894.5, 19910.0]]","[[56920.5, 98440.0], [56924.0, 3600.0], [56926.0, 82700.0], [56928.5, 10.0], [56930.5, 510.0], [56931.5, 90.0], [56935.0, 16960.0], [56935.5, 61090.0], [56936.5, 24930.0], [56937.5, 10000.0]]"
132,2021-11-19 09:53:55.876,"[[56920.0, 34330.0], [56911.5, 20.0], [56908.0, 100.0], [56903.5, 20000.0], [56903.0, 10000.0], [56898.5, 19910.0], [56897.0, 19910.0], [56896.5, 17010.0], [56895.5, 2150.0], [56894.5, 19910.0]]","[[56920.5, 15640.0], [56923.5, 5000.0], [56924.0, 3600.0], [56928.5, 10.0], [56930.5, 510.0], [56931.5, 90.0], [56935.0, 16960.0], [56935.5, 61090.0], [56936.5, 19930.0], [56937.5, 10000.0]]"
133,2021-11-19 09:53:56.217,"[[56920.0, 34330.0], [56912.0, 2000.0], [56911.5, 20.0], [56908.0, 100.0], [56903.5, 20000.0], [56903.0, 10000.0], [56898.5, 19910.0], [56897.0, 19910.0], [56896.5, 19010.0], [56895.5, 150.0]]","[[56920.5, 13140.0], [56923.5, 2500.0], [56924.0, 3600.0], [56928.5, 10.0], [56930.5, 510.0], [56931.5, 90.0], [56935.0, 16960.0], [56935.5, 61090.0], [56936.5, 19930.0], [56937.5, 10000.0]]"
134,2021-11-19 09:53:56.540,"[[56920.0, 34330.0], [56912.0, 1000.0], [56911.5, 20.0], [56911.0, 2000.0], [56908.5, 3000.0], [56908.0, 100.0], [56903.5, 20000.0], [56903.0, 15000.0], [56900.5, 1370.0], [56898.5, 19910.0]]","[[56920.5, 11140.0], [56924.0, 3600.0], [56928.5, 1010.0], [56930.5, 510.0], [56931.5, 90.0], [56934.5, 4500.0], [56935.0, 16960.0], [56935.5, 61090.0], [56936.5, 19930.0], [56937.5, 10000.0]]"
135,2021-11-19 09:53:56.850,"[[56920.0, 34330.0], [56911.5, 20.0], [56910.5, 1000.0], [56908.0, 100.0], [56904.0, 2000.0], [56903.5, 20000.0], [56903.0, 10000.0], [56902.0, 10380.0], [56901.5, 69860.0], [56900.5, 1370.0]]","[[56920.5, 11140.0], [56923.5, 5000.0], [56924.0, 3600.0], [56925.0, 1000.0], [56928.5, 11100.0], [56930.5, 510.0], [56931.5, 90.0], [56933.0, 3000.0], [56934.5, 4500.0], [56935.0, 16960.0]]"
136,2021-11-19 09:53:57.188,"[[56920.0, 34330.0], [56916.5, 1000.0], [56914.5, 2000.0], [56911.5, 20.0], [56911.0, 3000.0], [56908.0, 100.0], [56903.5, 20000.0], [56903.0, 10000.0], [56902.5, 5000.0], [56902.0, 7380.0]]","[[56920.5, 11140.0], [56924.0, 7630.0], [56928.5, 11100.0], [56929.5, 2000.0], [56930.5, 510.0], [56931.5, 90.0], [56934.0, 1000.0], [56934.5, 4500.0], [56935.0, 16960.0], [56935.5, 50000.0]]"
137,2021-11-19 09:53:57.518,"[[56920.0, 34330.0], [56916.5, 1000.0], [56914.5, 2000.0], [56911.5, 20.0], [56911.0, 3000.0], [56908.0, 100.0], [56904.5, 20000.0], [56903.0, 10000.0], [56902.5, 5000.0], [56902.0, 7380.0]]","[[56920.5, 13140.0], [56924.0, 7630.0], [56928.5, 11100.0], [56930.5, 510.0], [56931.0, 1000.0], [56931.5, 90.0], [56934.5, 4500.0], [56935.0, 16960.0], [56935.5, 50000.0], [56937.5, 10000.0]]"
138,2021-11-19 09:53:57.841,"[[56920.0, 34330.0], [56916.5, 1000.0], [56913.0, 2000.0], [56911.5, 20.0], [56911.0, 3000.0], [56908.0, 100.0], [56903.0, 10000.0], [56902.5, 5000.0], [56902.0, 7380.0], [56901.5, 69860.0]]","[[56920.5, 13140.0], [56923.5, 5000.0], [56924.0, 7630.0], [56928.5, 11100.0], [56930.5, 510.0], [56931.0, 1000.0], [56931.5, 90.0], [56934.5, 4500.0], [56935.0, 16960.0], [56935.5, 50000.0]]"
139,2021-11-19 09:53:58.189,"[[56920.0, 34330.0], [56917.5, 2000.0], [56911.5, 20.0], [56911.0, 3000.0], [56908.5, 5000.0], [56908.0, 100.0], [56904.0, 20000.0], [56903.0, 10000.0], [56902.0, 7380.0], [56901.5, 69860.0]]","[[56920.5, 13140.0], [56924.0, 7630.0], [56928.5, 11100.0], [56930.5, 510.0], [56931.5, 90.0], [56934.0, 5000.0], [56934.5, 4500.0], [56935.0, 16960.0], [56935.5, 50000.0], [56937.5, 10000.0]]"
140,2021-11-19 09:53:58.527,"[[56920.0, 34330.0], [56911.5, 20.0], [56910.5, 2000.0], [56908.0, 100.0], [56904.5, 3000.0], [56903.0, 10000.0], [56902.0, 7380.0], [56901.5, 74860.0], [56900.5, 1370.0], [56899.5, 20000.0]]","[[56920.5, 13140.0], [56924.0, 4030.0], [56928.0, 3600.0], [56928.5, 11090.0], [56930.5, 510.0], [56931.5, 90.0], [56932.5, 3000.0], [56934.0, 7000.0], [56934.5, 4500.0], [56935.0, 16960.0]]"
141,2021-11-19 09:53:58.826,"[[56901.5, 5000.0], [56897.5, 19910.0], [56896.5, 17010.0], [56895.5, 20060.0], [56893.5, 16810.0], [56893.0, 3350.0], [56892.5, 75010.0], [56892.0, 2000.0], [56891.5, 4030.0], [56891.0, 26000.0]]","[[56902.0, 87140.0], [56903.0, 10000.0], [56903.5, 4140.0], [56912.0, 20.0], [56916.5, 6100.0], [56920.0, 15000.0], [56920.5, 62800.0], [56921.5, 50000.0], [56923.5, 1000.0], [56924.0, 4030.0]]"
142,2021-11-19 09:53:59.130,"[[56892.0, 2000.0], [56883.5, 150.0], [56879.5, 9100.0], [56876.0, 90.0], [56875.0, 20000.0], [56873.0, 540.0], [56871.5, 570.0], [56871.0, 5560.0], [56870.5, 26000.0], [56869.0, 15460.0]]","[[56892.5, 85780.0], [56893.0, 1380.0], [56898.0, 83090.0], [56898.5, 20.0], [56901.5, 2000.0], [56902.0, 83000.0], [56902.5, 10000.0], [56904.5, 19920.0], [56906.0, 100.0], [56906.5, 1020.0]]"
143,2021-11-19 09:53:59.508,"[[56883.5, 510.0], [56876.0, 90.0], [56875.5, 150.0], [56871.5, 570.0], [56867.0, 20000.0], [56866.0, 10350.0], [56865.5, 48910.0], [56862.5, 32060.0], [56862.0, 17010.0], [56861.5, 4030.0]]","[[56884.0, 87140.0], [56888.0, 3600.0], [56890.0, 20.0], [56892.0, 83000.0], [56892.5, 93000.0], [56893.0, 10.0], [56894.5, 50000.0], [56895.5, 2000.0], [56897.0, 10010.0], [56897.5, 2500.0]]"
144,2021-11-19 09:53:59.842,"[[56871.5, 23000.0], [56871.0, 1000.0], [56870.0, 150.0], [56866.0, 12000.0], [56865.5, 450.0], [56864.5, 510.0], [56862.0, 17010.0], [56861.0, 26000.0], [56860.5, 510.0], [56860.0, 2000.0]]","[[56872.0, 85760.0], [56876.5, 83010.0], [56880.0, 3620.0], [56883.0, 510.0], [56884.0, 83000.0], [56887.0, 50000.0], [56891.5, 5090.0], [56892.0, 83000.0], [56892.5, 95000.0], [56893.5, 100.0]]"
145,2021-11-19 09:54:00.189,"[[56871.5, 3000.0], [56871.0, 1000.0], [56868.0, 20000.0], [56867.0, 10.0], [56866.0, 12000.0], [56865.5, 450.0], [56865.0, 800.0], [56864.5, 660.0], [56862.0, 17010.0], [56861.0, 26000.0]]","[[56872.0, 2760.0], [56876.5, 83010.0], [56880.0, 3620.0], [56881.5, 510.0], [56883.0, 510.0], [56884.0, 83000.0], [56887.0, 50000.0], [56891.5, 5090.0], [56892.0, 83000.0], [56892.5, 95000.0]]"
146,2021-11-19 09:54:00.518,"[[56871.5, 38930.0], [56871.0, 1000.0], [56867.0, 10.0], [56866.0, 12000.0], [56865.5, 450.0], [56865.0, 800.0], [56864.5, 660.0], [56862.5, 20000.0], [56862.0, 17010.0], [56861.5, 3000.0]]","[[56872.0, 12770.0], [56876.0, 2000.0], [56876.5, 83000.0], [56878.5, 20.0], [56880.0, 3600.0], [56881.5, 510.0], [56883.0, 510.0], [56884.0, 83000.0], [56887.0, 50000.0], [56890.5, 20910.0]]"
147,2021-11-19 09:54:00.848,"[[56871.5, 20960.0], [56871.0, 1000.0], [56866.0, 5000.0], [56865.5, 450.0], [56864.5, 510.0], [56862.0, 17010.0], [56861.5, 3000.0], [56860.5, 510.0], [56858.5, 150.0], [56857.0, 800.0]]","[[56872.0, 85770.0], [56876.5, 83000.0], [56878.5, 20.0], [56879.5, 5000.0], [56880.0, 3600.0], [56881.5, 2510.0], [56883.0, 510.0], [56884.0, 83000.0], [56886.5, 750.0], [56887.0, 50000.0]]"
148,2021-11-19 09:54:01.178,"[[56871.5, 17960.0], [56871.0, 1000.0], [56866.0, 5000.0], [56865.5, 3450.0], [56864.5, 510.0], [56862.0, 17010.0], [56861.0, 10000.0], [56860.5, 510.0], [56858.5, 2000.0], [56856.0, 800.0]]","[[56872.0, 87770.0], [56876.5, 83000.0], [56877.0, 20.0], [56880.0, 6100.0], [56881.5, 2510.0], [56883.0, 510.0], [56884.0, 83100.0], [56885.0, 16530.0], [56886.5, 750.0], [56887.0, 50000.0]]"
149,2021-11-19 09:54:01.509,"[[56865.5, 3450.0], [56862.0, 17010.0], [56858.0, 5000.0], [56856.0, 8300.0], [56853.0, 90.0], [56852.5, 150.0], [56852.0, 15000.0], [56851.5, 1820.0], [56851.0, 7000.0], [56850.0, 25500.0]]","[[56866.0, 85760.0], [56871.0, 83020.0], [56871.5, 93110.0], [56872.0, 85000.0], [56873.0, 3600.0], [56880.0, 2500.0], [56881.0, 50000.0], [56881.5, 2510.0], [56883.0, 510.0], [56883.5, 5090.0]]"
150,2021-11-19 09:54:01.829,"[[56850.0, 3500.0], [56849.0, 8200.0], [56848.0, 22050.0], [56847.0, 10000.0], [56842.0, 26000.0], [56840.5, 510.0], [56839.5, 510.0], [56838.5, 17010.0], [56837.5, 800.0], [56835.5, 9100.0]]","[[56850.5, 85680.0], [56856.5, 82900.0], [56860.0, 20.0], [56865.5, 250.0], [56866.0, 86600.0], [56867.0, 50000.0], [56870.5, 7070.0], [56871.0, 83000.0], [56871.5, 93110.0], [56872.0, 85000.0]]"
151,2021-11-19 09:54:02.170,"[[56850.0, 2800.0], [56849.5, 3000.0], [56849.0, 5000.0], [56848.0, 21900.0], [56847.0, 10000.0], [56846.5, 19900.0], [56844.0, 19900.0], [56842.0, 8200.0], [56840.5, 510.0], [56839.5, 20660.0]]","[[56850.5, 6900.0], [56853.0, 470.0], [56856.5, 82920.0], [56861.0, 510.0], [56865.0, 2000.0], [56865.5, 50250.0], [56866.0, 86600.0], [56869.0, 2100.0], [56870.5, 5070.0], [56871.0, 84000.0]]"
152,2021-11-19 09:54:02.486,"[[56850.0, 20770.0], [56849.5, 3000.0], [56849.0, 5000.0], [56848.0, 21900.0], [56847.5, 800.0], [56846.5, 19900.0], [56845.0, 10.0], [56844.0, 19900.0], [56842.0, 8200.0], [56840.5, 510.0]]","[[56850.5, 7370.0], [56856.5, 84920.0], [56859.5, 90.0], [56860.0, 2000.0], [56861.0, 510.0], [56865.5, 50250.0], [56866.0, 86600.0], [56867.5, 10790.0], [56869.0, 100.0], [56870.5, 7070.0]]"
153,2021-11-19 09:54:02.831,"[[56850.0, 20770.0], [56849.5, 3000.0], [56848.0, 21900.0], [56846.5, 19900.0], [56845.0, 10.0], [56844.0, 19900.0], [56842.0, 8200.0], [56841.5, 5000.0], [56840.5, 510.0], [56840.0, 10000.0]]","[[56850.5, 60970.0], [56853.5, 2000.0], [56856.5, 82920.0], [56857.5, 510.0], [56859.5, 7590.0], [56860.0, 2000.0], [56861.0, 510.0], [56865.5, 50250.0], [56866.0, 86600.0], [56867.5, 11790.0]]"
154,2021-11-19 09:54:03.141,"[[56850.0, 1000.0], [56848.0, 2000.0], [56842.0, 8200.0], [56840.5, 510.0], [56839.5, 510.0], [56838.5, 17010.0], [56837.5, 90.0], [56833.0, 10000.0], [56830.5, 150.0], [56828.0, 19890.0]]","[[56850.5, 64970.0], [56853.0, 10000.0], [56856.5, 82920.0], [56857.5, 510.0], [56858.5, 3600.0], [56859.5, 2590.0], [56861.0, 510.0], [56865.5, 50250.0], [56866.0, 83000.0], [56867.5, 10790.0]]"
155,2021-11-19 09:54:03.450,"[[56850.0, 1000.0], [56848.0, 2000.0], [56842.0, 8200.0], [56839.5, 510.0], [56838.5, 18010.0], [56833.5, 5000.0], [56833.0, 3000.0], [56830.5, 150.0], [56828.0, 19890.0], [56826.5, 19890.0]]","[[56850.5, 94270.0], [56853.0, 13500.0], [56854.5, 20.0], [56855.5, 1000.0], [56856.5, 82900.0], [56857.5, 510.0], [56858.5, 3600.0], [56859.5, 2590.0], [56861.0, 510.0], [56863.0, 3000.0]]"
156,2021-11-19 09:54:03.823,"[[56850.0, 1000.0], [56848.0, 2000.0], [56842.5, 1000.0], [56842.0, 8200.0], [56839.5, 510.0], [56838.5, 17010.0], [56833.0, 3000.0], [56830.5, 150.0], [56828.0, 19890.0], [56826.5, 19890.0]]","[[56850.5, 94270.0], [56853.0, 13500.0], [56854.5, 20.0], [56855.5, 16520.0], [56856.5, 82900.0], [56857.0, 750.0], [56857.5, 510.0], [56858.5, 3600.0], [56859.5, 2590.0], [56860.0, 1000.0]]"
157,2021-11-19 09:54:04.149,"[[56850.0, 1000.0], [56848.0, 2000.0], [56842.5, 1000.0], [56842.0, 8200.0], [56839.5, 1020.0], [56839.0, 3000.0], [56838.5, 17010.0], [56833.5, 5000.0], [56830.0, 2000.0], [56828.0, 19890.0]]","[[56850.5, 64970.0], [56852.5, 5000.0], [56853.0, 13500.0], [56854.5, 20.0], [56855.5, 16520.0], [56856.5, 82900.0], [56857.0, 750.0], [56857.5, 510.0], [56858.5, 20750.0], [56859.5, 2590.0]]"
158,2021-11-19 09:54:04.481,"[[56839.0, 3000.0], [56838.5, 17010.0], [56835.0, 8200.0], [56833.5, 5000.0], [56828.0, 19890.0], [56827.5, 2000.0], [56827.0, 68110.0], [56826.5, 19890.0], [56824.5, 100.0], [56824.0, 19890.0]]","[[56839.5, 85660.0], [56842.5, 82900.0], [56846.0, 2000.0], [56846.5, 20.0], [56847.0, 82900.0], [56848.5, 82900.0], [56853.0, 13500.0], [56853.5, 80000.0], [56854.5, 50000.0], [56855.5, 16520.0]]"
159,2021-11-19 09:54:04.806,"[[56838.5, 17010.0], [56835.0, 8200.0], [56828.0, 19890.0], [56827.5, 510.0], [56827.0, 68110.0], [56826.5, 19890.0], [56824.5, 100.0], [56824.0, 19890.0], [56822.5, 3600.0], [56820.0, 150.0]]","[[56839.0, 88150.0], [56839.5, 2760.0], [56842.0, 5000.0], [56842.5, 3500.0], [56845.0, 20.0], [56846.0, 82000.0], [56853.0, 10000.0], [56854.0, 50000.0], [56855.5, 16520.0], [56856.0, 1000.0]]"
160,2021-11-19 09:54:05.135,"[[56838.5, 34920.0], [56835.0, 8200.0], [56828.0, 19890.0], [56827.5, 510.0], [56826.5, 19890.0], [56824.5, 100.0], [56824.0, 19890.0], [56822.5, 3600.0], [56822.0, 1820.0], [56821.5, 55100.0]]","[[56839.0, 88150.0], [56839.5, 2760.0], [56842.5, 3500.0], [56845.0, 20.0], [56846.0, 82000.0], [56851.5, 1000.0], [56853.0, 10000.0], [56854.0, 60000.0], [56855.5, 16520.0], [56857.0, 840.0]]"
161,2021-11-19 09:54:05.470,"[[56838.5, 34920.0], [56835.0, 8200.0], [56833.5, 1000.0], [56831.0, 3000.0], [56828.0, 19890.0], [56827.5, 510.0], [56826.5, 19890.0], [56826.0, 15000.0], [56824.5, 100.0], [56824.0, 19890.0]]","[[56839.0, 97150.0], [56839.5, 2760.0], [56842.5, 3500.0], [56845.0, 20.0], [56846.0, 82000.0], [56851.5, 1000.0], [56853.0, 10000.0], [56854.0, 60000.0], [56855.5, 16520.0], [56857.0, 840.0]]"
162,2021-11-19 09:54:05.799,"[[56838.5, 34920.0], [56837.5, 1000.0], [56835.0, 8200.0], [56831.0, 3000.0], [56828.0, 19890.0], [56827.5, 1020.0], [56826.5, 19890.0], [56826.0, 15000.0], [56824.5, 100.0], [56824.0, 19890.0]]","[[56839.0, 14230.0], [56839.5, 2760.0], [56842.5, 3500.0], [56845.0, 20.0], [56846.0, 82000.0], [56853.0, 10000.0], [56854.0, 50000.0], [56855.0, 5000.0], [56855.5, 16520.0], [56856.5, 1000.0]]"
163,2021-11-19 09:54:06.134,"[[56838.5, 34920.0], [56837.5, 1000.0], [56835.0, 8200.0], [56831.0, 3000.0], [56828.0, 19890.0], [56827.5, 1020.0], [56826.5, 19890.0], [56826.0, 15000.0], [56825.5, 2000.0], [56824.5, 100.0]]","[[56839.0, 14230.0], [56839.5, 2760.0], [56842.5, 3500.0], [56845.0, 20.0], [56846.0, 82000.0], [56853.0, 10000.0], [56854.0, 60000.0], [56855.0, 5000.0], [56855.5, 16520.0], [56856.5, 1000.0]]"
164,2021-11-19 09:54:06.445,"[[56838.5, 34960.0], [56835.0, 8200.0], [56832.5, 1000.0], [56831.0, 3000.0], [56828.0, 19890.0], [56827.5, 1020.0], [56826.5, 19890.0], [56826.0, 15000.0], [56825.5, 2000.0], [56824.5, 100.0]]","[[56839.0, 12230.0], [56839.5, 2760.0], [56842.0, 2500.0], [56842.5, 3500.0], [56845.0, 20.0], [56846.0, 82000.0], [56852.0, 1000.0], [56853.0, 10000.0], [56854.0, 60000.0], [56855.0, 5000.0]]"
165,2021-11-19 09:54:06.736,"[[56838.5, 34960.0], [56835.0, 8200.0], [56832.5, 1000.0], [56828.0, 19890.0], [56827.5, 1020.0], [56826.5, 19890.0], [56826.0, 15000.0], [56825.5, 2000.0], [56825.0, 3000.0], [56824.5, 100.0]]","[[56839.0, 67030.0], [56839.5, 2760.0], [56842.0, 2500.0], [56842.5, 3500.0], [56845.0, 20.0], [56846.0, 82000.0], [56852.0, 1000.0], [56853.0, 10000.0], [56854.0, 60000.0], [56855.0, 5000.0]]"
166,2021-11-19 09:54:07.124,"[[56838.5, 34960.0], [56835.0, 8200.0], [56832.5, 1000.0], [56828.0, 19890.0], [56827.5, 1020.0], [56826.5, 19890.0], [56826.0, 10000.0], [56825.5, 2000.0], [56825.0, 3000.0], [56824.5, 100.0]]","[[56839.0, 67030.0], [56839.5, 2760.0], [56842.0, 2500.0], [56842.5, 3500.0], [56845.0, 20.0], [56846.0, 82000.0], [56848.0, 1000.0], [56850.5, 3600.0], [56853.0, 10000.0], [56854.0, 60000.0]]"
167,2021-11-19 09:54:07.454,"[[56838.5, 34980.0], [56835.0, 8200.0], [56828.0, 19890.0], [56827.5, 1020.0], [56827.0, 1000.0], [56826.5, 19890.0], [56826.0, 10000.0], [56825.0, 3000.0], [56824.5, 100.0], [56824.0, 19890.0]]","[[56839.0, 69030.0], [56839.5, 2760.0], [56842.0, 2500.0], [56842.5, 3500.0], [56844.0, 1000.0], [56845.0, 20.0], [56846.0, 82000.0], [56847.5, 90.0], [56850.5, 3600.0], [56851.5, 3000.0]]"
168,2021-11-19 09:54:07.786,"[[56838.5, 17970.0], [56835.0, 8200.0], [56828.0, 19890.0], [56827.5, 1020.0], [56827.0, 1000.0], [56826.5, 19890.0], [56825.0, 3000.0], [56824.5, 100.0], [56824.0, 19890.0], [56821.5, 1820.0]]","[[56839.0, 97230.0], [56839.5, 2760.0], [56842.0, 2500.0], [56842.5, 3500.0], [56844.0, 1000.0], [56845.0, 20.0], [56846.0, 82000.0], [56847.5, 90.0], [56850.5, 3600.0], [56851.5, 3000.0]]"
169,2021-11-19 09:54:08.116,"[[56838.5, 17970.0], [56835.0, 8200.0], [56828.0, 19890.0], [56827.5, 1020.0], [56827.0, 1000.0], [56826.5, 19890.0], [56824.5, 100.0], [56824.0, 19890.0], [56821.5, 1820.0], [56821.0, 55100.0]]","[[56839.0, 97230.0], [56839.5, 2760.0], [56842.0, 2500.0], [56842.5, 3500.0], [56843.5, 3600.0], [56844.0, 1000.0], [56845.0, 20.0], [56846.0, 82000.0], [56847.5, 90.0], [56851.5, 3000.0]]"
170,2021-11-19 09:54:08.439,"[[56828.0, 28090.0], [56827.5, 1020.0], [56826.5, 19890.0], [56824.0, 19890.0], [56823.0, 1000.0], [56822.0, 55100.0], [56819.0, 3000.0], [56818.0, 5000.0], [56817.5, 17010.0], [56813.5, 9100.0]]","[[56828.5, 90230.0], [56835.5, 93000.0], [56836.0, 20.0], [56839.0, 92000.0], [56842.0, 18350.0], [56842.5, 3500.0], [56843.5, 53600.0], [56844.0, 1000.0], [56845.0, 100.0], [56846.0, 80000.0]]"
171,2021-11-19 09:54:08.759,"[[56828.0, 28090.0], [56827.5, 1020.0], [56826.5, 19890.0], [56824.0, 19890.0], [56823.0, 1000.0], [56822.0, 55100.0], [56819.0, 13000.0], [56817.5, 17010.0], [56813.5, 9100.0], [56811.5, 11820.0]]","[[56828.5, 7230.0], [56835.5, 83000.0], [56836.0, 20.0], [56838.5, 15000.0], [56839.0, 37200.0], [56842.0, 18350.0], [56842.5, 3500.0], [56843.5, 53600.0], [56844.0, 1000.0], [56845.0, 100.0]]"
172,2021-11-19 09:54:09.062,"[[56828.0, 46110.0], [56827.5, 1020.0], [56826.5, 19890.0], [56824.0, 19890.0], [56823.0, 1000.0], [56822.0, 55100.0], [56819.0, 13000.0], [56818.5, 2000.0], [56817.5, 17010.0], [56813.5, 9100.0]]","[[56828.5, 7230.0], [56835.5, 83000.0], [56836.0, 20.0], [56838.5, 15000.0], [56839.0, 38200.0], [56842.0, 18350.0], [56842.5, 3500.0], [56843.5, 53600.0], [56845.0, 3100.0], [56846.0, 80000.0]]"
173,2021-11-19 09:54:09.436,"[[56828.0, 46110.0], [56827.5, 1020.0], [56826.5, 19890.0], [56824.0, 19890.0], [56822.0, 55100.0], [56819.0, 10000.0], [56818.5, 3000.0], [56817.5, 17010.0], [56813.0, 3000.0], [56811.5, 11820.0]]","[[56828.5, 7230.0], [56835.5, 83000.0], [56836.0, 20.0], [56838.5, 15000.0], [56839.0, 38200.0], [56842.0, 18350.0], [56842.5, 3500.0], [56843.5, 53600.0], [56845.0, 3100.0], [56846.0, 80000.0]]"
174,2021-11-19 09:54:09.750,"[[56828.0, 18020.0], [56821.0, 8200.0], [56818.5, 1000.0], [56817.5, 17010.0], [56813.0, 3000.0], [56811.5, 7000.0], [56811.0, 100.0], [56810.0, 5000.0], [56808.5, 2000.0], [56807.5, 23480.0]]","[[56828.5, 90230.0], [56834.5, 20.0], [56835.5, 83000.0], [56838.5, 10000.0], [56839.0, 10000.0], [56842.0, 2500.0], [56842.5, 3500.0], [56843.5, 53600.0], [56845.0, 3100.0], [56846.0, 80000.0]]"
175,2021-11-19 09:54:10.102,"[[56828.0, 18020.0], [56822.5, 1000.0], [56821.0, 8200.0], [56817.5, 17520.0], [56817.0, 510.0], [56813.0, 3000.0], [56812.0, 10000.0], [56811.5, 9000.0], [56811.0, 100.0], [56810.0, 12380.0]]","[[56828.5, 90230.0], [56834.5, 20.0], [56835.5, 83000.0], [56838.0, 510.0], [56838.5, 10000.0], [56839.0, 10000.0], [56842.0, 2500.0], [56842.5, 3500.0], [56843.5, 53600.0], [56845.0, 3100.0]]"
176,2021-11-19 09:54:10.433,"[[56823.0, 17950.0], [56822.5, 1000.0], [56819.0, 3000.0], [56817.5, 22520.0], [56817.0, 510.0], [56814.0, 8200.0], [56811.5, 7000.0], [56811.0, 100.0], [56810.0, 1820.0], [56809.5, 68320.0]]","[[56823.5, 5230.0], [56828.5, 5810.0], [56832.0, 20.0], [56835.5, 83000.0], [56838.0, 510.0], [56838.5, 60000.0], [56839.0, 9000.0], [56839.5, 80000.0], [56842.0, 2500.0], [56843.5, 3600.0]]"
177,2021-11-19 09:54:10.762,"[[56828.0, 92140.0], [56827.5, 3000.0], [56827.0, 5000.0], [56824.0, 19890.0], [56823.5, 83200.0], [56823.0, 17990.0], [56822.5, 19890.0], [56820.0, 19890.0], [56819.0, 20000.0], [56818.5, 9100.0]]","[[56828.5, 400.0], [56838.5, 13810.0], [56839.0, 9000.0], [56842.5, 20.0], [56846.5, 2500.0], [56847.0, 15810.0], [56850.0, 3600.0], [56850.5, 16160.0], [56851.0, 80000.0], [56852.0, 10710.0]]"
178,2021-11-19 09:54:11.091,"[[56828.0, 110140.0], [56827.5, 3000.0], [56827.0, 5000.0], [56826.5, 20000.0], [56824.0, 19890.0], [56823.5, 83200.0], [56823.0, 3600.0], [56822.5, 20040.0], [56820.0, 19890.0], [56819.0, 15000.0]]","[[56828.5, 400.0], [56838.5, 3810.0], [56839.0, 9000.0], [56842.5, 20.0], [56846.5, 10000.0], [56847.0, 15810.0], [56849.5, 2500.0], [56850.5, 16160.0], [56851.0, 80000.0], [56857.0, 840.0]]"
179,2021-11-19 09:54:11.422,"[[56828.0, 110290.0], [56827.5, 5000.0], [56827.0, 5000.0], [56826.5, 20000.0], [56826.0, 10000.0], [56824.0, 19890.0], [56823.5, 100.0], [56823.0, 3600.0], [56822.5, 19890.0], [56820.0, 19890.0]]","[[56828.5, 400.0], [56838.5, 3810.0], [56839.0, 9000.0], [56841.0, 20.0], [56846.5, 10000.0], [56847.0, 15810.0], [56849.5, 2500.0], [56850.5, 16160.0], [56851.0, 80000.0], [56857.0, 840.0]]"
180,2021-11-19 09:54:11.755,"[[56837.5, 92040.0], [56837.0, 3000.0], [56835.0, 5000.0], [56833.5, 240.0], [56829.0, 20000.0], [56828.0, 18000.0], [56827.5, 2000.0], [56825.0, 2000.0], [56824.0, 19890.0], [56823.5, 100.0]]","[[56838.0, 1490.0], [56838.5, 3810.0], [56839.0, 9000.0], [56847.0, 15810.0], [56849.0, 20.0], [56850.5, 10010.0], [56851.0, 80000.0], [56857.0, 2590.0], [56857.5, 4110.0], [56864.0, 1000.0]]"
181,2021-11-19 09:54:12.054,"[[56846.5, 85760.0], [56845.0, 510.0], [56843.5, 510.0], [56839.5, 19890.0], [56839.0, 103000.0], [56838.5, 86600.0], [56837.5, 21090.0], [56837.0, 3000.0], [56835.5, 19990.0], [56835.0, 5000.0]]","[[56847.0, 19540.0], [56856.0, 80000.0], [56857.5, 510.0], [56858.0, 20.0], [56864.5, 2500.0], [56867.0, 2000.0], [56869.0, 100.0], [56871.5, 6090.0], [56872.5, 3000.0], [56873.0, 550.0]]"
182,2021-11-19 09:54:12.416,"[[56847.5, 23600.0], [56847.0, 83000.0], [56846.5, 11000.0], [56845.0, 510.0], [56843.5, 510.0], [56842.5, 20.0], [56842.0, 150.0], [56839.5, 19890.0], [56839.0, 83000.0], [56838.5, 18000.0]]","[[56864.0, 10000.0], [56864.5, 5910.0], [56865.5, 10000.0], [56867.0, 2000.0], [56875.0, 10000.0], [56877.0, 150.0], [56878.0, 1000.0], [56879.0, 100.0], [56880.0, 171510.0], [56880.5, 31360.0]]"
183,2021-11-19 09:54:12.740,"[[56855.5, 1000.0], [56855.0, 3000.0], [56851.0, 10600.0], [56850.5, 100.0], [56848.5, 20.0], [56848.0, 2000.0], [56847.0, 83150.0], [56846.5, 10090.0], [56845.0, 510.0], [56844.5, 5000.0]]","[[56864.0, 10000.0], [56864.5, 2160.0], [56865.5, 13750.0], [56867.0, 2000.0], [56873.5, 750.0], [56877.0, 1000.0], [56879.5, 5000.0], [56880.0, 171510.0], [56880.5, 31360.0], [56884.5, 150.0]]"
184,2021-11-19 09:54:13.073,"[[56855.5, 1000.0], [56855.0, 3000.0], [56854.0, 5000.0], [56851.0, 12600.0], [56850.5, 100.0], [56848.5, 20.0], [56847.0, 83150.0], [56846.5, 10090.0], [56845.0, 510.0], [56844.0, 2000.0]]","[[56863.0, 10000.0], [56863.5, 20.0], [56864.5, 2160.0], [56865.5, 13750.0], [56867.0, 2000.0], [56871.0, 80000.0], [56873.5, 750.0], [56880.5, 31360.0], [56884.5, 150.0], [56885.5, 15440.0]]"
185,2021-11-19 09:54:13.406,"[[56855.5, 1000.0], [56855.0, 3000.0], [56854.0, 7000.0], [56851.0, 10600.0], [56850.5, 100.0], [56848.5, 20.0], [56847.0, 83150.0], [56846.5, 9190.0], [56845.0, 510.0], [56844.0, 2000.0]]","[[56862.0, 10000.0], [56862.5, 20.0], [56864.5, 2160.0], [56865.5, 13750.0], [56871.0, 80000.0], [56873.5, 750.0], [56879.5, 2000.0], [56880.5, 100.0], [56882.0, 1000.0], [56884.5, 150.0]]"
186,2021-11-19 09:54:13.733,"[[56861.0, 1000.0], [56855.0, 3000.0], [56854.0, 5000.0], [56852.5, 20.0], [56851.0, 10600.0], [56850.5, 100.0], [56850.0, 2000.0], [56849.0, 8200.0], [56847.0, 10150.0], [56846.5, 9190.0]]","[[56861.5, 2780.0], [56864.5, 2160.0], [56865.5, 13750.0], [56871.0, 80000.0], [56872.0, 510.0], [56873.5, 750.0], [56877.0, 16980.0], [56877.5, 1000.0], [56878.5, 15250.0], [56880.5, 100.0]]"
187,2021-11-19 09:54:14.066,"[[56861.0, 1000.0], [56855.0, 3000.0], [56854.0, 5000.0], [56853.0, 2000.0], [56852.5, 20.0], [56851.0, 10600.0], [56850.5, 100.0], [56849.5, 20000.0], [56849.0, 8200.0], [56847.0, 150.0]]","[[56861.5, 20.0], [56864.5, 2160.0], [56865.5, 13750.0], [56871.0, 80000.0], [56872.0, 1020.0], [56877.0, 16980.0], [56877.5, 1000.0], [56878.5, 15250.0], [56880.5, 100.0], [56884.5, 150.0]]"
188,2021-11-19 09:54:14.398,"[[56850.5, 1000.0], [56847.0, 150.0], [56845.0, 3510.0], [56844.0, 2000.0], [56843.5, 510.0], [56842.0, 8200.0], [56839.5, 19890.0], [56839.0, 20000.0], [56838.0, 19890.0], [56837.5, 4990.0]]","[[56851.0, 64780.0], [56855.5, 82900.0], [56860.0, 80000.0], [56861.5, 20.0], [56864.5, 2160.0], [56865.5, 13750.0], [56871.5, 1000.0], [56872.0, 1020.0], [56873.0, 19910.0], [56874.0, 3600.0]]"
189,2021-11-19 09:54:14.727,"[[56845.0, 1510.0], [56843.5, 510.0], [56842.0, 8200.0], [56839.0, 3000.0], [56836.5, 150.0], [56836.0, 20.0], [56835.5, 100.0], [56835.0, 2000.0], [56831.0, 8600.0], [56828.5, 19890.0]]","[[56845.5, 2760.0], [56859.0, 1000.0], [56860.0, 83440.0], [56864.5, 5160.0], [56866.5, 3600.0], [56868.5, 90.0], [56871.0, 90.0], [56872.0, 1020.0], [56873.0, 19910.0], [56873.5, 150.0]]"
190,2021-11-19 09:54:15.038,"[[56845.0, 510.0], [56843.5, 510.0], [56842.0, 9200.0], [56836.5, 150.0], [56836.0, 20.0], [56835.5, 100.0], [56835.0, 2000.0], [56831.0, 8600.0], [56829.0, 1820.0], [56828.5, 39890.0]]","[[56845.5, 2760.0], [56859.0, 1000.0], [56860.0, 83440.0], [56864.5, 5160.0], [56866.5, 3600.0], [56868.5, 90.0], [56870.0, 19900.0], [56871.0, 90.0], [56872.0, 1020.0], [56873.5, 150.0]]"
191,2021-11-19 09:54:15.376,"[[56845.0, 18470.0], [56843.5, 510.0], [56842.0, 9200.0], [56838.0, 20.0], [56835.5, 100.0], [56835.0, 2000.0], [56831.0, 8600.0], [56830.0, 2000.0], [56829.0, 1820.0], [56828.5, 39890.0]]","[[56845.5, 2760.0], [56859.0, 1000.0], [56860.0, 83440.0], [56864.5, 5160.0], [56866.5, 3600.0], [56868.5, 90.0], [56870.0, 19900.0], [56871.0, 90.0], [56872.0, 1020.0], [56873.5, 150.0]]"
192,2021-11-19 09:54:15.715,"[[56845.0, 18470.0], [56843.5, 510.0], [56842.0, 9200.0], [56838.5, 3000.0], [56838.0, 20.0], [56835.5, 100.0], [56835.0, 2000.0], [56831.0, 8600.0], [56830.0, 20000.0], [56828.5, 19890.0]]","[[56845.5, 2760.0], [56859.5, 15000.0], [56860.0, 83440.0], [56863.5, 1000.0], [56864.5, 5160.0], [56866.5, 3600.0], [56868.5, 90.0], [56870.0, 19900.0], [56871.0, 90.0], [56871.5, 15370.0]]"
193,2021-11-19 09:54:16.030,"[[56838.5, 3000.0], [56835.0, 8710.0], [56831.0, 5000.0], [56827.0, 150.0], [56826.5, 20020.0], [56826.0, 10000.0], [56823.5, 100.0], [56821.0, 16420.0], [56819.5, 2000.0], [56819.0, 9100.0]]","[[56839.0, 95660.0], [56842.5, 82900.0], [56844.0, 86440.0], [56849.0, 510.0], [56851.0, 80000.0], [56851.5, 3600.0], [56852.5, 510.0], [56854.0, 10010.0], [56855.0, 100.0], [56855.5, 50000.0]]"
194,2021-11-19 09:54:16.375,"[[56835.0, 40.0], [56828.0, 8200.0], [56826.5, 20000.0], [56825.5, 1000.0], [56824.5, 3000.0], [56824.0, 20.0], [56818.5, 5000.0], [56817.5, 17010.0], [56816.0, 150.0], [56815.5, 3600.0]]","[[56835.5, 98160.0], [56839.0, 82900.0], [56841.0, 90.0], [56842.5, 82900.0], [56844.0, 4540.0], [56845.5, 100.0], [56847.0, 50000.0], [56849.0, 510.0], [56850.0, 150.0], [56851.0, 80000.0]]"
195,2021-11-19 09:54:16.708,"[[56835.0, 40.0], [56828.0, 8200.0], [56825.5, 1000.0], [56824.5, 3000.0], [56824.0, 530.0], [56819.0, 10000.0], [56818.5, 5000.0], [56817.5, 17010.0], [56816.0, 150.0], [56815.5, 3600.0]]","[[56835.5, 95660.0], [56838.5, 2500.0], [56839.0, 82900.0], [56841.0, 90.0], [56844.0, 4540.0], [56845.5, 850.0], [56847.0, 50000.0], [56849.0, 510.0], [56850.0, 150.0], [56851.0, 80000.0]]"
196,2021-11-19 09:54:17.039,"[[56835.0, 40.0], [56828.0, 8200.0], [56825.5, 1000.0], [56824.5, 3000.0], [56824.0, 530.0], [56819.0, 10000.0], [56818.5, 5000.0], [56817.5, 17010.0], [56816.0, 150.0], [56815.5, 3600.0]]","[[56835.5, 95660.0], [56838.5, 2500.0], [56839.0, 82900.0], [56841.0, 90.0], [56844.0, 4540.0], [56845.5, 850.0], [56847.0, 60000.0], [56849.0, 510.0], [56850.0, 150.0], [56851.0, 80000.0]]"
197,2021-11-19 09:54:17.373,"[[56835.0, 40.0], [56828.0, 8200.0], [56825.5, 1000.0], [56824.5, 3000.0], [56824.0, 530.0], [56819.0, 10000.0], [56818.5, 5000.0], [56817.5, 17010.0], [56816.0, 150.0], [56811.5, 7000.0]]","[[56835.5, 95660.0], [56838.5, 2500.0], [56841.0, 90.0], [56844.0, 4600.0], [56845.0, 5000.0], [56845.5, 1260.0], [56847.0, 60000.0], [56849.0, 510.0], [56850.0, 150.0], [56851.0, 80000.0]]"
198,2021-11-19 09:54:17.705,"[[56835.0, 40.0], [56834.5, 1000.0], [56831.0, 3000.0], [56828.0, 8200.0], [56826.0, 20.0], [56825.5, 510.0], [56824.0, 510.0], [56820.5, 2000.0], [56819.0, 10000.0], [56818.5, 5000.0]]","[[56835.5, 2760.0], [56841.0, 90.0], [56845.5, 410.0], [56847.0, 50000.0], [56849.0, 510.0], [56851.0, 83600.0], [56851.5, 100.0], [56852.5, 510.0], [56854.0, 11010.0], [56855.0, 250.0]]"
199,2021-11-19 09:54:18.006,"[[56831.0, 3000.0], [56828.0, 8200.0], [56826.0, 5000.0], [56825.5, 510.0], [56824.5, 20.0], [56824.0, 510.0], [56821.5, 2000.0], [56817.5, 17010.0], [56811.5, 7000.0], [56811.0, 35100.0]]","[[56835.5, 2760.0], [56839.5, 90.0], [56841.0, 90.0], [56844.0, 3600.0], [56845.5, 410.0], [56849.0, 10510.0], [56849.5, 50000.0], [56850.0, 1000.0], [56850.5, 14280.0], [56851.0, 80000.0]]"
200,2021-11-19 09:54:18.360,"[[56824.0, 510.0], [56821.0, 8200.0], [56819.0, 10000.0], [56817.5, 17010.0], [56815.0, 20.0], [56811.5, 7150.0], [56810.5, 2000.0], [56804.0, 2000.0], [56802.5, 930.0], [56802.0, 100.0]]","[[56824.5, 85560.0], [56828.0, 5000.0], [56828.5, 82800.0], [56831.0, 10000.0], [56831.5, 82800.0], [56836.5, 80000.0], [56837.0, 3600.0], [56838.0, 50000.0], [56839.5, 90.0], [56841.0, 90.0]]"
201,2021-11-19 09:54:18.696,"[[56824.0, 510.0], [56821.0, 8200.0], [56819.0, 10000.0], [56817.5, 18010.0], [56815.0, 20.0], [56813.5, 510.0], [56811.5, 7150.0], [56810.5, 5000.0], [56806.5, 5000.0], [56804.0, 2000.0]]","[[56824.5, 85560.0], [56828.0, 3650.0], [56828.5, 82800.0], [56831.0, 10000.0], [56836.5, 81000.0], [56837.0, 3600.0], [56838.0, 50000.0], [56839.5, 90.0], [56841.0, 90.0], [56843.0, 3000.0]]"
202,2021-11-19 09:54:19.013,"[[56819.0, 10000.0], [56817.5, 18010.0], [56814.0, 8200.0], [56813.5, 510.0], [56813.0, 510.0], [56811.5, 7000.0], [56811.0, 150.0], [56810.5, 5000.0], [56809.5, 20.0], [56806.5, 5000.0]]","[[56819.5, 85580.0], [56821.5, 82800.0], [56824.5, 70.0], [56827.0, 80000.0], [56828.0, 6150.0], [56828.5, 82800.0], [56831.0, 10000.0], [56834.5, 50000.0], [56836.5, 1000.0], [56837.0, 3600.0]]"
203,2021-11-19 09:54:19.351,"[[56819.0, 10000.0], [56817.5, 18010.0], [56816.5, 3000.0], [56814.0, 8200.0], [56813.5, 510.0], [56813.0, 510.0], [56812.0, 20.0], [56811.5, 7000.0], [56810.5, 2000.0], [56806.5, 5000.0]]","[[56819.5, 29230.0], [56827.0, 80000.0], [56828.0, 6150.0], [56831.0, 10000.0], [56834.5, 50000.0], [56837.0, 3600.0], [56841.0, 90.0], [56841.5, 1000.0], [56843.0, 3000.0], [56843.5, 14210.0]]"
204,2021-11-19 09:54:19.689,"[[56817.5, 1000.0], [56814.0, 8200.0], [56813.0, 510.0], [56810.5, 2000.0], [56809.5, 3000.0], [56806.5, 5020.0], [56805.5, 150.0], [56804.0, 2000.0], [56803.5, 20000.0], [56802.5, 1020.0]]","[[56818.0, 85580.0], [56819.5, 29050.0], [56823.0, 510.0], [56827.0, 80000.0], [56828.0, 6150.0], [56829.0, 510.0], [56830.0, 10010.0], [56831.0, 10000.0], [56832.0, 50000.0], [56832.5, 19890.0]]"
205,2021-11-19 09:54:20.017,"[[56810.5, 2000.0], [56809.5, 3000.0], [56807.0, 8200.0], [56806.5, 5000.0], [56805.0, 10000.0], [56804.0, 2000.0], [56802.5, 1020.0], [56801.0, 3600.0], [56800.5, 150.0], [56800.0, 510.0]]","[[56811.0, 85560.0], [56818.0, 86290.0], [56819.5, 28980.0], [56823.0, 510.0], [56827.0, 80000.0], [56828.0, 16700.0], [56829.0, 1600.0], [56830.0, 10010.0], [56830.5, 4980.0], [56831.0, 10000.0]]"
206,2021-11-19 09:54:20.345,"[[56810.5, 2000.0], [56809.5, 3000.0], [56808.0, 150.0], [56807.0, 8200.0], [56806.5, 5000.0], [56805.0, 10000.0], [56804.0, 2000.0], [56803.5, 20000.0], [56802.5, 1020.0], [56802.0, 20.0]]","[[56811.0, 2830.0], [56818.0, 82800.0], [56819.5, 2580.0], [56823.0, 510.0], [56827.0, 80000.0], [56828.0, 2500.0], [56829.0, 1600.0], [56830.0, 10010.0], [56831.0, 10000.0], [56832.0, 90.0]]"
207,2021-11-19 09:54:20.677,"[[56810.5, 2000.0], [56809.5, 3000.0], [56808.0, 150.0], [56807.0, 8200.0], [56806.5, 5000.0], [56805.0, 10000.0], [56804.0, 2000.0], [56803.5, 20000.0], [56802.5, 1020.0], [56802.0, 20.0]]","[[56811.0, 2830.0], [56818.0, 82800.0], [56819.5, 2580.0], [56823.0, 510.0], [56827.0, 80000.0], [56828.0, 2500.0], [56829.0, 1600.0], [56830.0, 10010.0], [56831.0, 10000.0], [56832.0, 90.0]]"
208,2021-11-19 09:54:21.002,"[[56810.5, 19950.0], [56809.5, 3000.0], [56807.0, 8200.0], [56806.5, 5000.0], [56805.0, 10000.0], [56804.0, 2000.0], [56803.5, 20000.0], [56803.0, 150.0], [56802.5, 1020.0], [56802.0, 20.0]]","[[56811.0, 2830.0], [56818.0, 82800.0], [56819.5, 2580.0], [56823.0, 510.0], [56827.0, 80000.0], [56828.0, 2500.0], [56829.0, 1600.0], [56830.0, 10010.0], [56831.0, 10000.0], [56832.0, 90.0]]"
209,2021-11-19 09:54:21.328,"[[56810.5, 20950.0], [56809.5, 3000.0], [56807.0, 8350.0], [56806.5, 5000.0], [56805.0, 10000.0], [56804.0, 2000.0], [56803.5, 20.0], [56802.5, 1020.0], [56801.0, 3600.0], [56800.0, 1020.0]]","[[56811.0, 2830.0], [56819.5, 6070.0], [56823.0, 510.0], [56827.0, 80000.0], [56828.0, 2500.0], [56829.0, 1600.0], [56830.0, 10010.0], [56831.0, 10000.0], [56832.0, 90.0], [56833.5, 6110.0]]"
210,2021-11-19 09:54:21.650,"[[56810.5, 20950.0], [56809.5, 3000.0], [56807.0, 8350.0], [56806.5, 5000.0], [56805.0, 10000.0], [56803.5, 20.0], [56802.5, 1020.0], [56801.0, 23600.0], [56800.0, 1020.0], [56798.5, 2000.0]]","[[56811.0, 2830.0], [56819.5, 6070.0], [56823.0, 510.0], [56827.0, 80000.0], [56828.0, 2500.0], [56829.0, 1600.0], [56830.0, 10010.0], [56831.0, 10000.0], [56832.0, 90.0], [56833.5, 6110.0]]"
211,2021-11-19 09:54:22.002,"[[56810.5, 20950.0], [56809.5, 3000.0], [56807.0, 8350.0], [56806.5, 5000.0], [56805.0, 10000.0], [56804.0, 20000.0], [56803.5, 20.0], [56802.5, 1020.0], [56801.0, 3600.0], [56800.0, 1020.0]]","[[56811.0, 2830.0], [56819.5, 6070.0], [56823.0, 510.0], [56827.0, 80000.0], [56828.0, 2500.0], [56828.5, 16620.0], [56829.0, 1600.0], [56830.0, 10010.0], [56831.0, 10000.0], [56832.0, 90.0]]"
212,2021-11-19 09:54:22.328,"[[56810.5, 20950.0], [56809.5, 3000.0], [56807.0, 8350.0], [56806.5, 5000.0], [56805.5, 68360.0], [56805.0, 10000.0], [56803.5, 20.0], [56802.5, 21020.0], [56801.0, 3600.0], [56800.0, 1020.0]]","[[56811.0, 2830.0], [56819.5, 6070.0], [56823.0, 510.0], [56827.0, 80000.0], [56828.0, 2500.0], [56828.5, 16620.0], [56829.0, 1600.0], [56830.0, 10010.0], [56831.0, 10000.0], [56832.0, 90.0]]"
213,2021-11-19 09:54:22.576,"[[56810.5, 20950.0], [56809.5, 3000.0], [56807.0, 8350.0], [56806.5, 5000.0], [56805.5, 68360.0], [56805.0, 10000.0], [56803.5, 20.0], [56802.5, 21020.0], [56801.0, 3600.0], [56800.0, 1020.0]]","[[56811.0, 2830.0], [56819.5, 6070.0], [56823.0, 510.0], [56827.0, 80000.0], [56828.0, 2500.0], [56828.5, 16620.0], [56829.0, 1600.0], [56830.0, 10010.0], [56831.0, 10000.0], [56832.0, 90.0]]"
214,2021-11-19 09:54:22.976,"[[56810.5, 20950.0], [56809.5, 3000.0], [56807.0, 8350.0], [56806.5, 5000.0], [56805.5, 68360.0], [56805.0, 10000.0], [56803.5, 20.0], [56802.5, 21020.0], [56801.0, 3600.0], [56800.0, 1020.0]]","[[56811.0, 2830.0], [56819.5, 6070.0], [56823.0, 510.0], [56826.5, 69990.0], [56827.0, 80000.0], [56828.0, 2500.0], [56828.5, 16620.0], [56829.0, 1600.0], [56830.0, 10010.0], [56831.0, 10000.0]]"
215,2021-11-19 09:54:23.315,"[[56810.5, 50050.0], [56809.5, 3000.0], [56807.0, 8350.0], [56806.5, 5000.0], [56805.5, 68360.0], [56805.0, 10000.0], [56803.5, 20.0], [56802.5, 21020.0], [56801.0, 3600.0], [56800.0, 1020.0]]","[[56811.0, 2830.0], [56819.5, 6070.0], [56823.0, 510.0], [56826.5, 69990.0], [56827.0, 80000.0], [56828.0, 2500.0], [56828.5, 16620.0], [56829.0, 1600.0], [56830.0, 10010.0], [56831.0, 10000.0]]"
216,2021-11-19 09:54:23.642,"[[56810.5, 20980.0], [56809.5, 3000.0], [56807.0, 8350.0], [56806.5, 5000.0], [56805.5, 68360.0], [56805.0, 10000.0], [56803.5, 20.0], [56802.5, 21020.0], [56801.0, 3600.0], [56800.0, 1020.0]]","[[56811.0, 2830.0], [56819.5, 6070.0], [56823.0, 510.0], [56826.5, 69990.0], [56827.0, 80000.0], [56828.0, 2500.0], [56828.5, 16620.0], [56829.0, 1600.0], [56830.0, 10010.0], [56831.0, 10000.0]]"
217,2021-11-19 09:54:23.984,"[[56810.5, 27980.0], [56809.5, 3000.0], [56807.0, 8350.0], [56806.5, 5000.0], [56805.5, 68360.0], [56805.0, 10000.0], [56803.5, 20.0], [56802.5, 21020.0], [56801.0, 3600.0], [56800.0, 1020.0]]","[[56811.0, 70.0], [56819.5, 6070.0], [56823.0, 510.0], [56826.5, 69990.0], [56827.0, 80000.0], [56828.0, 2500.0], [56828.5, 16620.0], [56829.0, 600.0], [56830.0, 10010.0], [56831.0, 10000.0]]"
218,2021-11-19 09:54:24.312,"[[56810.5, 27980.0], [56809.5, 3000.0], [56807.5, 20000.0], [56807.0, 8350.0], [56806.5, 5000.0], [56805.5, 68380.0], [56802.5, 1020.0], [56801.0, 3600.0], [56800.0, 1020.0], [56797.0, 15000.0]]","[[56811.0, 70.0], [56819.5, 6070.0], [56823.0, 510.0], [56826.5, 69990.0], [56827.0, 80000.0], [56828.0, 2500.0], [56829.0, 600.0], [56830.0, 10010.0], [56831.0, 10000.0], [56837.0, 3600.0]]"
219,2021-11-19 09:54:24.625,"[[56810.5, 37980.0], [56809.5, 3000.0], [56807.5, 20000.0], [56807.0, 8350.0], [56806.5, 5000.0], [56805.5, 70380.0], [56802.5, 1020.0], [56801.0, 3600.0], [56800.0, 1020.0], [56797.0, 15000.0]]","[[56811.0, 70.0], [56819.5, 6070.0], [56823.0, 510.0], [56826.5, 69990.0], [56827.0, 80000.0], [56828.0, 2500.0], [56829.0, 600.0], [56830.0, 10010.0], [56831.0, 10000.0], [56837.0, 3600.0]]"
220,2021-11-19 09:54:24.951,"[[56810.5, 27980.0], [56809.5, 3000.0], [56807.0, 8350.0], [56806.5, 5000.0], [56805.5, 70380.0], [56804.5, 20000.0], [56802.5, 1020.0], [56801.0, 3600.0], [56800.0, 1020.0], [56797.0, 15000.0]]","[[56811.0, 70.0], [56819.5, 6070.0], [56823.0, 510.0], [56826.5, 69990.0], [56827.0, 80000.0], [56828.0, 2500.0], [56829.0, 600.0], [56830.0, 10010.0], [56831.0, 10000.0], [56837.0, 3600.0]]"
221,2021-11-19 09:54:25.286,"[[56806.5, 5000.0], [56805.0, 10000.0], [56802.5, 1020.0], [56800.0, 8200.0], [56797.5, 19880.0], [56797.0, 15000.0], [56796.5, 20050.0], [56794.5, 16830.0], [56794.0, 20300.0], [56792.5, 5850.0]]","[[56807.0, 2760.0], [56807.5, 96860.0], [56810.5, 10000.0], [56811.0, 70.0], [56819.5, 6070.0], [56823.0, 510.0], [56823.5, 50010.0], [56827.5, 110370.0], [56828.0, 2600.0], [56828.5, 3600.0]]"
222,2021-11-19 09:54:25.625,"[[56802.5, 930.0], [56800.0, 8200.0], [56794.0, 420.0], [56791.5, 150.0], [56791.0, 20.0], [56787.5, 2000.0], [56784.5, 4170.0], [56784.0, 20000.0], [56783.5, 15550.0], [56782.0, 7380.0]]","[[56803.0, 85460.0], [56805.0, 510.0], [56807.0, 82700.0], [56807.5, 87700.0], [56809.5, 4040.0], [56811.0, 70.0], [56814.5, 90.0], [56816.0, 81090.0], [56817.0, 50000.0], [56817.5, 14200.0]]"
223,2021-11-19 09:54:25.963,"[[56802.5, 930.0], [56800.0, 8200.0], [56794.0, 420.0], [56791.0, 20.0], [56787.5, 2000.0], [56786.0, 150.0], [56785.5, 2000.0], [56784.5, 3600.0], [56784.0, 20000.0], [56781.5, 7000.0]]","[[56803.0, 85530.0], [56805.0, 510.0], [56806.5, 2500.0], [56807.0, 82700.0], [56809.5, 4040.0], [56814.5, 90.0], [56816.0, 81090.0], [56817.0, 50000.0], [56817.5, 14200.0], [56819.0, 10000.0]]"
224,2021-11-19 09:54:26.285,"[[56802.5, 930.0], [56800.0, 8200.0], [56794.0, 420.0], [56793.5, 20.0], [56787.5, 2000.0], [56786.0, 150.0], [56785.5, 2000.0], [56784.5, 10980.0], [56784.0, 30000.0], [56781.5, 7000.0]]","[[56803.0, 83530.0], [56805.0, 510.0], [56806.5, 2500.0], [56807.0, 5000.0], [56809.5, 4040.0], [56814.5, 90.0], [56816.0, 81090.0], [56817.0, 50000.0], [56817.5, 14200.0], [56819.0, 10000.0]]"
225,2021-11-19 09:54:26.587,"[[56802.5, 930.0], [56800.0, 8200.0], [56794.0, 420.0], [56793.5, 20.0], [56790.5, 150.0], [56787.5, 2000.0], [56785.5, 2000.0], [56784.5, 3600.0], [56784.0, 20000.0], [56781.5, 7000.0]]","[[56803.0, 83530.0], [56805.0, 510.0], [56806.5, 2500.0], [56809.0, 5000.0], [56809.5, 4040.0], [56814.5, 90.0], [56816.0, 81090.0], [56817.0, 50000.0], [56817.5, 14200.0], [56819.0, 10000.0]]"
226,2021-11-19 09:54:26.954,"[[56800.0, 83700.0], [56799.0, 3000.0], [56794.0, 420.0], [56793.0, 11960.0], [56792.5, 20.0], [56791.0, 67250.0], [56790.5, 150.0], [56790.0, 20390.0], [56789.0, 19880.0], [56788.0, 20000.0]]","[[56800.5, 6970.0], [56805.0, 510.0], [56807.0, 80000.0], [56809.5, 4040.0], [56814.5, 90.0], [56815.5, 52500.0], [56816.0, 1090.0], [56819.0, 10000.0], [56819.5, 2580.0], [56820.0, 750.0]]"
227,2021-11-19 09:54:27.283,"[[56800.0, 16400.0], [56799.0, 3000.0], [56794.0, 420.0], [56793.0, 11960.0], [56792.5, 20.0], [56791.0, 10000.0], [56790.5, 150.0], [56790.0, 20390.0], [56789.0, 19880.0], [56788.0, 20000.0]]","[[56800.5, 6970.0], [56807.0, 80000.0], [56809.5, 4040.0], [56814.5, 90.0], [56816.0, 90.0], [56819.0, 12500.0], [56819.5, 2580.0], [56820.0, 750.0], [56820.5, 1000.0], [56821.0, 3600.0]]"
228,2021-11-19 09:54:27.614,"[[56800.0, 1000.0], [56799.0, 3000.0], [56794.0, 420.0], [56793.0, 11960.0], [56792.5, 20.0], [56791.0, 10000.0], [56790.5, 150.0], [56790.0, 510.0], [56788.0, 20000.0], [56787.5, 2510.0]]","[[56800.5, 6970.0], [56807.0, 80000.0], [56809.5, 4040.0], [56814.5, 90.0], [56815.0, 50000.0], [56816.0, 90.0], [56819.0, 12500.0], [56819.5, 2580.0], [56820.0, 750.0], [56820.5, 1000.0]]"
229,2021-11-19 09:54:27.940,"[[56800.0, 1010.0], [56799.0, 3000.0], [56794.0, 420.0], [56793.0, 11960.0], [56792.5, 20.0], [56791.0, 10000.0], [56790.5, 2150.0], [56790.0, 510.0], [56788.0, 20000.0], [56787.5, 2510.0]]","[[56800.5, 6930.0], [56807.0, 80000.0], [56809.5, 4040.0], [56814.5, 90.0], [56815.0, 50000.0], [56816.0, 90.0], [56819.0, 12500.0], [56819.5, 2580.0], [56820.0, 750.0], [56820.5, 1000.0]]"
230,2021-11-19 09:54:28.270,"[[56800.0, 1010.0], [56794.0, 420.0], [56793.0, 11960.0], [56791.0, 10000.0], [56790.5, 2150.0], [56790.0, 510.0], [56788.0, 20020.0], [56787.5, 2510.0], [56784.5, 3600.0], [56782.5, 90.0]]","[[56800.5, 89630.0], [56807.0, 80000.0], [56809.5, 4040.0], [56811.0, 510.0], [56814.5, 90.0], [56815.0, 50000.0], [56816.0, 90.0], [56819.0, 12500.0], [56819.5, 16780.0], [56820.0, 750.0]]"
231,2021-11-19 09:54:28.608,"[[56800.0, 10.0], [56795.5, 1000.0], [56794.0, 420.0], [56793.5, 3000.0], [56793.0, 6960.0], [56791.0, 10000.0], [56790.5, 150.0], [56790.0, 510.0], [56788.0, 20.0], [56787.5, 2510.0]]","[[56800.5, 99630.0], [56807.0, 80000.0], [56809.5, 4040.0], [56811.0, 510.0], [56812.5, 50000.0], [56814.5, 90.0], [56816.0, 90.0], [56819.0, 2500.0], [56819.5, 16780.0], [56820.0, 750.0]]"
232,2021-11-19 09:54:28.939,"[[56800.0, 10.0], [56794.0, 420.0], [56793.0, 7960.0], [56791.0, 10000.0], [56790.5, 150.0], [56790.0, 510.0], [56788.5, 3000.0], [56788.0, 20.0], [56787.5, 2510.0], [56784.5, 23600.0]]","[[56800.5, 99630.0], [56807.0, 80000.0], [56809.5, 4040.0], [56810.5, 1000.0], [56811.0, 510.0], [56811.5, 5000.0], [56812.0, 50000.0], [56814.5, 90.0], [56816.0, 90.0], [56816.5, 3000.0]]"
233,2021-11-19 09:54:29.269,"[[56800.0, 10.0], [56794.0, 420.0], [56793.0, 6960.0], [56789.0, 1000.0], [56788.0, 20.0], [56787.5, 2510.0], [56784.5, 23600.0], [56784.0, 150.0], [56783.0, 3000.0], [56782.5, 90.0]]","[[56800.5, 99540.0], [56807.0, 81000.0], [56809.5, 4040.0], [56811.0, 510.0], [56812.0, 50000.0], [56814.5, 90.0], [56816.0, 90.0], [56816.5, 3000.0], [56818.5, 5000.0], [56819.0, 12500.0]]"
234,2021-11-19 09:54:29.596,"[[56794.0, 420.0], [56789.0, 1000.0], [56787.5, 2510.0], [56786.0, 6960.0], [56784.5, 3600.0], [56784.0, 10150.0], [56783.0, 3000.0], [56782.5, 90.0], [56782.0, 20020.0], [56781.5, 7000.0]]","[[56794.5, 86740.0], [56800.5, 92770.0], [56807.0, 81000.0], [56809.5, 4040.0], [56811.0, 510.0], [56811.5, 3000.0], [56812.0, 50000.0], [56812.5, 2000.0], [56814.5, 90.0], [56816.0, 90.0]]"
235,2021-11-19 09:54:29.886,"[[56794.0, 420.0], [56789.0, 1000.0], [56787.5, 2000.0], [56786.0, 6960.0], [56784.5, 3600.0], [56784.0, 10150.0], [56783.0, 3000.0], [56782.5, 90.0], [56782.0, 20.0], [56781.5, 7000.0]]","[[56794.5, 86810.0], [56800.0, 4660.0], [56800.5, 92700.0], [56804.5, 1000.0], [56807.0, 130000.0], [56807.5, 10010.0], [56810.5, 5000.0], [56811.0, 2510.0], [56811.5, 18760.0], [56812.5, 2000.0]]"
236,2021-11-19 09:54:30.228,"[[56794.0, 420.0], [56789.0, 1000.0], [56787.5, 2000.0], [56786.0, 6960.0], [56784.5, 3600.0], [56784.0, 10150.0], [56783.0, 3000.0], [56782.5, 90.0], [56782.0, 20.0], [56781.5, 7000.0]]","[[56794.5, 86810.0], [56800.0, 4660.0], [56800.5, 10000.0], [56807.0, 130000.0], [56807.5, 10010.0], [56808.0, 1000.0], [56810.5, 5000.0], [56811.0, 2510.0], [56811.5, 18760.0], [56812.5, 2000.0]]"
237,2021-11-19 09:54:30.588,"[[56794.0, 420.0], [56793.0, 3000.0], [56791.5, 1000.0], [56787.5, 2000.0], [56787.0, 20.0], [56786.5, 510.0], [56786.0, 7470.0], [56785.0, 20000.0], [56784.5, 3600.0], [56784.0, 150.0]]","[[56794.5, 4210.0], [56800.0, 4660.0], [56800.5, 10000.0], [56806.5, 2500.0], [56807.0, 80000.0], [56807.5, 10010.0], [56808.0, 50000.0], [56811.0, 510.0], [56811.5, 15760.0], [56814.5, 90.0]]"
238,2021-11-19 09:54:30.897,"[[56794.0, 420.0], [56793.0, 3000.0], [56791.5, 1000.0], [56790.5, 5000.0], [56787.5, 22000.0], [56787.0, 20.0], [56786.5, 510.0], [56786.0, 7470.0], [56784.5, 3600.0], [56784.0, 150.0]]","[[56794.5, 70.0], [56799.5, 5000.0], [56800.0, 4660.0], [56800.5, 10000.0], [56806.5, 2500.0], [56807.0, 80000.0], [56807.5, 10010.0], [56811.0, 510.0], [56811.5, 65760.0], [56814.5, 90.0]]"
239,2021-11-19 09:54:31.229,"[[56794.0, 420.0], [56793.0, 3000.0], [56791.5, 1000.0], [56790.5, 5000.0], [56787.5, 22000.0], [56787.0, 20.0], [56786.5, 510.0], [56786.0, 7470.0], [56784.5, 3600.0], [56784.0, 150.0]]","[[56794.5, 10870.0], [56800.0, 4660.0], [56800.5, 10000.0], [56806.5, 2500.0], [56807.0, 80000.0], [56807.5, 10010.0], [56809.0, 50000.0], [56811.0, 510.0], [56811.5, 15760.0], [56814.5, 90.0]]"
240,2021-11-19 09:54:31.575,"[[56794.0, 420.0], [56793.0, 3000.0], [56791.5, 1000.0], [56790.5, 5000.0], [56787.5, 22000.0], [56787.0, 20.0], [56786.5, 510.0], [56786.0, 7470.0], [56784.5, 3600.0], [56784.0, 150.0]]","[[56794.5, 70.0], [56799.5, 5000.0], [56800.0, 4660.0], [56800.5, 10410.0], [56806.5, 2500.0], [56807.0, 80000.0], [56807.5, 10010.0], [56811.0, 510.0], [56811.5, 65760.0], [56813.0, 1000.0]]"
