,timestamp,bids,asks
0,2021-11-20 08:55:19.676,"[[57849.0, 6500.0], [57842.5, 100.0], [57842.0, 17260.0], [57841.5, 1000.0], [57841.0, 121560.0], [57840.5, 9360.0], [57837.0, 580.0], [57836.0, 3000.0], [57834.0, 16860.0], [57833.5, 640.0]]","[[57849.5, 13690.0], [57856.0, 20000.0], [57857.0, 2000.0], [57858.5, 760.0], [57860.0, 2000.0], [57861.0, 10.0], [57861.5, 20270.0], [57862.5, 3000.0], [57863.5, 5580.0], [57865.0, 90.0]]"
1,2021-11-20 08:55:19.792,"[[57849.0, 6500.0], [57842.5, 100.0], [57842.0, 17260.0], [57841.5, 1000.0], [57841.0, 115030.0], [57840.5, 9360.0], [57837.0, 580.0], [57836.0, 3000.0], [57834.0, 16860.0], [57833.5, 640.0]]","[[57849.5, 3690.0], [57856.0, 20000.0], [57857.0, 2000.0], [57858.5, 760.0], [57860.0, 2000.0], [57861.0, 10.0], [57861.5, 20270.0], [57862.5, 3000.0], [57863.5, 5580.0], [57869.0, 10000.0]]"
2,2021-11-20 08:55:20.121,"[[57849.0, 6510.0], [57842.5, 100.0], [57842.0, 17260.0], [57841.5, 1000.0], [57841.0, 115030.0], [57840.0, 9360.0], [57837.0, 580.0], [57836.0, 3000.0], [57834.5, 16790.0], [57834.0, 16860.0]]","[[57849.5, 3690.0], [57854.0, 1000.0], [57856.0, 20000.0], [57857.0, 1000.0], [57858.5, 760.0], [57860.0, 2000.0], [57861.0, 10.0], [57861.5, 20270.0], [57862.5, 3000.0], [57863.5, 5580.0]]"
3,2021-11-20 08:55:20.451,"[[57849.0, 6510.0], [57842.5, 100.0], [57842.0, 17260.0], [57841.5, 1000.0], [57841.0, 115030.0], [57840.0, 9360.0], [57837.0, 580.0], [57836.5, 2000.0], [57836.0, 3000.0], [57834.5, 16790.0]]","[[57849.5, 3690.0], [57851.0, 1000.0], [57856.0, 20000.0], [57857.0, 1000.0], [57858.5, 760.0], [57860.0, 2000.0], [57861.0, 10.0], [57861.5, 20270.0], [57862.5, 3000.0], [57863.5, 5580.0]]"
4,2021-11-20 08:55:20.742,"[[57849.0, 6510.0], [57842.5, 100.0], [57842.0, 17260.0], [57841.5, 1000.0], [57841.0, 115030.0], [57840.0, 9360.0], [57837.0, 580.0], [57836.5, 2000.0], [57836.0, 3000.0], [57834.5, 16790.0]]","[[57849.5, 3690.0], [57851.0, 1000.0], [57856.0, 20000.0], [57857.0, 1000.0], [57858.5, 760.0], [57860.0, 2000.0], [57861.0, 10.0], [57861.5, 20270.0], [57862.5, 3000.0], [57863.5, 5580.0]]"
5,2021-11-20 08:55:21.098,"[[57849.0, 6510.0], [57842.5, 100.0], [57842.0, 17260.0], [57841.5, 1000.0], [57841.0, 115030.0], [57839.5, 9360.0], [57837.0, 580.0], [57836.5, 2000.0], [57836.0, 3000.0], [57834.5, 16790.0]]","[[57849.5, 3690.0], [57851.0, 1000.0], [57856.0, 20000.0], [57857.0, 1000.0], [57858.5, 760.0], [57860.0, 2000.0], [57861.0, 10.0], [57861.5, 20270.0], [57862.5, 3000.0], [57863.5, 5580.0]]"
6,2021-11-20 08:55:21.445,"[[57849.0, 30.0], [57842.5, 100.0], [57842.0, 17240.0], [57841.0, 115030.0], [57840.0, 9360.0], [57837.0, 600.0], [57834.5, 16790.0], [57834.0, 16860.0], [57833.5, 640.0], [57831.0, 680.0]]","[[57849.5, 78390.0], [57850.0, 20000.0], [57850.5, 1000.0], [57858.5, 760.0], [57860.0, 2000.0], [57861.0, 10.0], [57861.5, 20270.0], [57863.5, 8580.0], [57865.5, 400.0], [57869.0, 10000.0]]"
7,2021-11-20 08:55:21.762,"[[57849.0, 30.0], [57841.5, 100.0], [57841.0, 115030.0], [57837.5, 9360.0], [57837.0, 600.0], [57833.5, 640.0], [57832.5, 1000.0], [57831.0, 100.0], [57825.5, 3000.0], [57824.5, 10.0]]","[[57849.5, 29990.0], [57850.0, 20000.0], [57850.5, 1000.0], [57853.5, 3000.0], [57857.0, 5000.0], [57861.0, 10.0], [57861.5, 20270.0], [57863.5, 3580.0], [57865.5, 400.0], [57868.5, 5000.0]]"
8,2021-11-20 08:55:22.107,"[[57849.0, 30.0], [57841.5, 100.0], [57841.0, 115030.0], [57837.0, 600.0], [57833.5, 640.0], [57832.5, 10360.0], [57831.0, 100.0], [57825.5, 5000.0], [57824.5, 15620.0], [57824.0, 510.0]]","[[57849.5, 20750.0], [57850.0, 20000.0], [57850.5, 1000.0], [57853.5, 3000.0], [57857.0, 5000.0], [57861.0, 5010.0], [57861.5, 20270.0], [57863.5, 3580.0], [57865.5, 400.0], [57866.0, 2000.0]]"
9,2021-11-20 08:55:22.426,"[[57849.0, 30.0], [57841.5, 100.0], [57841.0, 115030.0], [57837.0, 600.0], [57833.5, 640.0], [57832.5, 10360.0], [57831.0, 100.0], [57825.5, 5000.0], [57824.5, 10.0], [57824.0, 510.0]]","[[57849.5, 91850.0], [57850.0, 20000.0], [57850.5, 1000.0], [57853.5, 3000.0], [57857.0, 5000.0], [57861.0, 5010.0], [57861.5, 20270.0], [57863.5, 3580.0], [57865.5, 400.0], [57866.0, 2000.0]]"
10,2021-11-20 08:55:22.767,"[[57849.0, 30.0], [57841.5, 100.0], [57841.0, 115030.0], [57837.0, 600.0], [57833.5, 640.0], [57832.5, 10360.0], [57831.0, 100.0], [57825.5, 5000.0], [57824.5, 10.0], [57824.0, 510.0]]","[[57849.5, 91850.0], [57850.0, 20000.0], [57850.5, 1000.0], [57853.5, 3000.0], [57857.0, 5000.0], [57861.0, 5010.0], [57861.5, 20270.0], [57862.0, 10000.0], [57863.5, 3580.0], [57865.5, 400.0]]"
11,2021-11-20 08:55:23.082,"[[57849.0, 30.0], [57841.5, 100.0], [57841.0, 115030.0], [57837.0, 600.0], [57834.0, 16170.0], [57833.5, 640.0], [57832.5, 10360.0], [57831.0, 100.0], [57825.5, 5000.0], [57824.5, 10.0]]","[[57849.5, 39750.0], [57850.5, 1000.0], [57852.5, 1000.0], [57853.5, 3000.0], [57857.0, 5000.0], [57860.5, 15990.0], [57861.0, 5010.0], [57861.5, 20270.0], [57862.0, 10000.0], [57863.5, 3580.0]]"
12,2021-11-20 08:55:23.423,"[[57849.0, 30.0], [57841.5, 100.0], [57841.0, 115030.0], [57837.0, 600.0], [57835.0, 9360.0], [57834.0, 16170.0], [57833.5, 640.0], [57832.5, 1000.0], [57831.0, 100.0], [57825.5, 5000.0]]","[[57849.5, 39750.0], [57850.0, 1000.0], [57850.5, 1000.0], [57853.5, 3000.0], [57857.0, 5000.0], [57860.5, 15990.0], [57861.0, 5010.0], [57861.5, 20270.0], [57862.0, 10000.0], [57863.0, 2000.0]]"
13,2021-11-20 08:55:23.720,"[[57849.0, 30.0], [57841.5, 100.0], [57841.0, 115030.0], [57837.0, 600.0], [57835.0, 9360.0], [57834.0, 16170.0], [57833.5, 640.0], [57832.5, 1000.0], [57831.0, 100.0], [57825.5, 5000.0]]","[[57849.5, 39750.0], [57850.0, 1000.0], [57850.5, 1000.0], [57853.5, 3000.0], [57857.0, 5000.0], [57860.5, 15990.0], [57861.0, 10.0], [57861.5, 20270.0], [57862.0, 10000.0], [57863.0, 2000.0]]"
14,2021-11-20 08:55:24.082,"[[57849.0, 30.0], [57841.5, 100.0], [57841.0, 115030.0], [57838.5, 20.0], [57837.0, 580.0], [57835.0, 9360.0], [57834.0, 16170.0], [57833.5, 640.0], [57832.5, 1000.0], [57831.0, 100.0]]","[[57849.5, 19750.0], [57850.0, 1000.0], [57850.5, 1000.0], [57853.5, 3000.0], [57857.0, 5000.0], [57860.5, 15990.0], [57861.0, 3010.0], [57861.5, 20270.0], [57862.0, 10000.0], [57863.0, 2000.0]]"
15,2021-11-20 08:55:24.415,"[[57849.0, 30.0], [57841.5, 100.0], [57841.0, 115030.0], [57838.5, 20.0], [57837.0, 580.0], [57835.0, 9360.0], [57834.0, 16170.0], [57833.5, 640.0], [57832.5, 1000.0], [57831.0, 100.0]]","[[57849.5, 34450.0], [57850.0, 1000.0], [57850.5, 21000.0], [57853.5, 3000.0], [57857.0, 5000.0], [57860.5, 15990.0], [57861.0, 10.0], [57861.5, 20270.0], [57862.0, 10000.0], [57863.0, 2000.0]]"
16,2021-11-20 08:55:24.727,"[[57849.0, 30.0], [57841.5, 100.0], [57841.0, 115030.0], [57838.5, 20.0], [57837.0, 580.0], [57835.0, 10360.0], [57834.0, 16170.0], [57833.5, 640.0], [57831.0, 100.0], [57829.5, 3000.0]]","[[57849.5, 19750.0], [57850.0, 1000.0], [57850.5, 21000.0], [57853.5, 3000.0], [57857.0, 5000.0], [57860.5, 15990.0], [57861.0, 10.0], [57861.5, 20270.0], [57862.0, 10000.0], [57863.0, 2000.0]]"
17,2021-11-20 08:55:25.069,"[[57849.0, 30.0], [57841.5, 100.0], [57841.0, 115030.0], [57838.5, 20.0], [57837.0, 580.0], [57835.5, 9360.0], [57835.0, 1000.0], [57834.0, 16170.0], [57833.5, 640.0], [57831.0, 2100.0]]","[[57849.5, 19750.0], [57850.0, 1000.0], [57850.5, 21000.0], [57853.5, 3000.0], [57857.0, 5000.0], [57860.5, 15990.0], [57861.0, 10.0], [57861.5, 20270.0], [57862.0, 10000.0], [57863.0, 2000.0]]"
18,2021-11-20 08:55:25.347,"[[57849.0, 30.0], [57841.5, 100.0], [57841.0, 115030.0], [57838.5, 20.0], [57837.0, 580.0], [57835.5, 9360.0], [57835.0, 1000.0], [57834.0, 16170.0], [57833.5, 640.0], [57831.0, 2100.0]]","[[57849.5, 48650.0], [57850.0, 1000.0], [57850.5, 1000.0], [57853.5, 23000.0], [57857.0, 5000.0], [57860.5, 15990.0], [57861.0, 10.0], [57861.5, 20270.0], [57862.0, 10880.0], [57863.0, 2000.0]]"
19,2021-11-20 08:55:25.742,"[[57849.0, 30.0], [57841.5, 100.0], [57841.0, 115030.0], [57838.5, 20.0], [57837.0, 580.0], [57835.0, 1000.0], [57834.5, 1880.0], [57834.0, 25530.0], [57833.5, 640.0], [57831.0, 2100.0]]","[[57849.5, 19750.0], [57850.0, 1000.0], [57850.5, 1000.0], [57853.5, 23000.0], [57857.0, 5000.0], [57860.5, 15990.0], [57861.0, 10.0], [57861.5, 20270.0], [57862.0, 10880.0], [57863.0, 2000.0]]"
20,2021-11-20 08:55:26.066,"[[57849.0, 30.0], [57841.5, 100.0], [57841.0, 115030.0], [57838.5, 20.0], [57837.0, 580.0], [57835.0, 1000.0], [57834.5, 1880.0], [57834.0, 25530.0], [57833.5, 640.0], [57831.0, 2100.0]]","[[57849.5, 19750.0], [57850.0, 21000.0], [57850.5, 1000.0], [57853.5, 3000.0], [57857.0, 5000.0], [57860.5, 15990.0], [57861.0, 10.0], [57861.5, 20270.0], [57862.0, 10000.0], [57863.0, 2000.0]]"
21,2021-11-20 08:55:26.397,"[[57849.0, 30.0], [57841.5, 100.0], [57841.0, 115030.0], [57838.5, 20.0], [57837.5, 580.0], [57835.0, 1000.0], [57834.5, 1880.0], [57834.0, 25530.0], [57833.5, 640.0], [57831.0, 2100.0]]","[[57849.5, 19750.0], [57850.0, 21000.0], [57850.5, 1000.0], [57853.5, 3000.0], [57857.0, 5000.0], [57860.5, 15990.0], [57861.0, 10.0], [57861.5, 20270.0], [57862.0, 10000.0], [57863.0, 2000.0]]"
22,2021-11-20 08:55:26.719,"[[57849.0, 30.0], [57841.5, 100.0], [57841.0, 115030.0], [57838.5, 20.0], [57837.5, 580.0], [57835.0, 1000.0], [57834.5, 1880.0], [57834.0, 25630.0], [57833.5, 640.0], [57831.0, 2100.0]]","[[57849.5, 19750.0], [57850.0, 1000.0], [57850.5, 1000.0], [57853.5, 23000.0], [57857.0, 5000.0], [57860.5, 15990.0], [57861.0, 10.0], [57861.5, 20270.0], [57863.0, 2000.0], [57863.5, 580.0]]"
23,2021-11-20 08:55:27.048,"[[57849.0, 30.0], [57841.5, 100.0], [57841.0, 115030.0], [57838.5, 20.0], [57837.5, 580.0], [57835.0, 10360.0], [57834.0, 16270.0], [57833.5, 640.0], [57831.0, 2100.0], [57829.5, 3000.0]]","[[57849.5, 19750.0], [57850.0, 1000.0], [57850.5, 1000.0], [57853.5, 3000.0], [57857.0, 25000.0], [57860.5, 15990.0], [57861.0, 10.0], [57861.5, 20270.0], [57862.0, 10000.0], [57863.0, 2000.0]]"
24,2021-11-20 08:55:27.369,"[[57849.0, 30.0], [57841.5, 100.0], [57841.0, 115030.0], [57840.0, 20.0], [57837.5, 580.0], [57835.0, 10360.0], [57834.0, 16270.0], [57833.5, 640.0], [57831.0, 2100.0], [57829.5, 3000.0]]","[[57849.5, 19750.0], [57850.0, 1000.0], [57850.5, 1000.0], [57853.5, 3000.0], [57857.0, 25000.0], [57861.0, 10.0], [57861.5, 20270.0], [57862.0, 10000.0], [57863.0, 2000.0], [57863.5, 580.0]]"
25,2021-11-20 08:55:27.716,"[[57849.0, 30.0], [57841.5, 100.0], [57841.0, 115030.0], [57840.0, 20.0], [57837.5, 1580.0], [57835.0, 9360.0], [57834.0, 16270.0], [57833.5, 640.0], [57831.0, 2100.0], [57829.5, 3000.0]]","[[57849.5, 17750.0], [57850.5, 1000.0], [57853.0, 1000.0], [57857.0, 20000.0], [57858.5, 3000.0], [57861.0, 2010.0], [57861.5, 20270.0], [57863.0, 2000.0], [57863.5, 580.0], [57865.5, 400.0]]"
26,2021-11-20 08:55:28.053,"[[57850.0, 6480.0], [57849.0, 30.0], [57847.5, 100.0], [57845.5, 20.0], [57841.0, 115030.0], [57837.5, 1580.0], [57835.0, 9360.0], [57834.0, 16270.0], [57833.5, 640.0], [57831.0, 2100.0]]","[[57850.5, 20940.0], [57855.0, 3600.0], [57856.5, 760.0], [57857.0, 20000.0], [57858.5, 3000.0], [57861.0, 2010.0], [57861.5, 20270.0], [57863.0, 2000.0], [57863.5, 580.0], [57864.0, 5000.0]]"
27,2021-11-20 08:55:28.353,"[[57837.5, 580.0], [57835.0, 9360.0], [57834.5, 100.0], [57834.0, 100.0], [57833.5, 640.0], [57831.0, 100.0], [57828.0, 1000.0], [57824.0, 530.0], [57823.0, 4000.0], [57822.5, 2390.0]]","[[57838.0, 128890.0], [57848.5, 2030.0], [57849.0, 102830.0], [57854.0, 13600.0], [57859.0, 90.0], [57863.5, 980.0], [57866.5, 8390.0], [57867.0, 89190.0], [57867.5, 2000.0], [57868.0, 11770.0]]"
28,2021-11-20 08:55:28.691,"[[57834.0, 100.0], [57833.5, 10000.0], [57824.0, 530.0], [57822.5, 1510.0], [57821.5, 580.0], [57819.0, 16430.0], [57816.5, 12670.0], [57815.5, 2640.0], [57814.0, 9100.0], [57813.0, 400.0]]","[[57834.5, 8530.0], [57835.0, 1000.0], [57835.5, 3600.0], [57839.0, 20000.0], [57841.0, 3000.0], [57848.5, 2610.0], [57849.0, 102830.0], [57849.5, 20260.0], [57850.5, 400.0], [57851.0, 5000.0]]"
29,2021-11-20 08:55:29.041,"[[57833.5, 640.0], [57824.0, 510.0], [57823.5, 100.0], [57823.0, 9360.0], [57822.5, 1510.0], [57821.5, 600.0], [57820.0, 1880.0], [57819.5, 32130.0], [57819.0, 16430.0], [57816.5, 3000.0]]","[[57834.0, 8560.0], [57834.5, 8530.0], [57835.0, 1000.0], [57835.5, 3600.0], [57839.0, 20000.0], [57841.0, 3000.0], [57844.0, 109020.0], [57845.0, 5000.0], [57846.0, 90.0], [57848.0, 10010.0]]"
30,2021-11-20 08:55:29.347,"[[57833.5, 640.0], [57824.0, 510.0], [57822.5, 1510.0], [57821.5, 600.0], [57820.0, 1980.0], [57819.5, 41490.0], [57819.0, 16430.0], [57816.5, 3000.0], [57815.5, 2640.0], [57815.0, 1000.0]]","[[57834.0, 62960.0], [57834.5, 8530.0], [57835.0, 21000.0], [57835.5, 3600.0], [57841.0, 3000.0], [57844.0, 109020.0], [57845.0, 5000.0], [57846.0, 90.0], [57848.0, 10010.0], [57848.5, 2580.0]]"
31,2021-11-20 08:55:29.696,"[[57833.5, 640.0], [57824.0, 510.0], [57822.5, 510.0], [57821.5, 600.0], [57820.0, 2980.0], [57819.5, 41490.0], [57819.0, 16430.0], [57816.5, 4000.0], [57815.5, 2640.0], [57814.0, 9100.0]]","[[57834.0, 8560.0], [57834.5, 8530.0], [57835.0, 21000.0], [57835.5, 3600.0], [57837.0, 3000.0], [57844.0, 109020.0], [57845.0, 5000.0], [57846.0, 90.0], [57848.0, 20010.0], [57848.5, 2580.0]]"
32,2021-11-20 08:55:29.967,"[[57833.5, 640.0], [57825.5, 1000.0], [57824.0, 510.0], [57822.5, 510.0], [57821.5, 600.0], [57820.0, 2980.0], [57819.5, 41490.0], [57819.0, 16430.0], [57818.0, 800.0], [57816.5, 3000.0]]","[[57834.0, 8560.0], [57834.5, 8530.0], [57835.0, 1000.0], [57835.5, 3600.0], [57837.0, 3000.0], [57838.5, 20000.0], [57844.0, 109020.0], [57845.0, 5000.0], [57846.0, 90.0], [57848.0, 20010.0]]"
33,2021-11-20 08:55:30.315,"[[57833.5, 640.0], [57829.0, 1000.0], [57824.0, 510.0], [57822.5, 510.0], [57821.5, 9960.0], [57820.0, 2980.0], [57819.5, 32130.0], [57819.0, 16430.0], [57818.0, 800.0], [57816.5, 3000.0]]","[[57834.0, 8560.0], [57834.5, 8530.0], [57835.0, 1000.0], [57835.5, 3600.0], [57837.0, 3000.0], [57838.5, 20000.0], [57844.0, 109020.0], [57845.0, 5000.0], [57846.0, 90.0], [57848.0, 10010.0]]"
34,2021-11-20 08:55:30.665,"[[57833.5, 640.0], [57825.5, 1000.0], [57824.0, 510.0], [57822.5, 510.0], [57821.5, 9960.0], [57820.0, 2980.0], [57819.5, 32130.0], [57819.0, 16430.0], [57818.0, 800.0], [57816.5, 3000.0]]","[[57834.0, 8560.0], [57834.5, 8530.0], [57835.0, 1000.0], [57835.5, 3600.0], [57837.0, 3000.0], [57838.5, 20000.0], [57844.0, 109020.0], [57845.0, 5000.0], [57846.0, 90.0], [57848.0, 20010.0]]"
35,2021-11-20 08:55:31.024,"[[57833.5, 640.0], [57828.5, 1000.0], [57824.0, 510.0], [57822.5, 510.0], [57822.0, 100.0], [57821.5, 9960.0], [57820.0, 2880.0], [57819.5, 32130.0], [57819.0, 16430.0], [57818.0, 800.0]]","[[57834.0, 18110.0], [57834.5, 8530.0], [57835.0, 1000.0], [57835.5, 3600.0], [57837.0, 3000.0], [57838.5, 20000.0], [57844.0, 109020.0], [57845.0, 5000.0], [57846.0, 90.0], [57848.0, 20010.0]]"
36,2021-11-20 08:55:31.337,"[[57833.5, 640.0], [57824.5, 1000.0], [57824.0, 510.0], [57822.5, 510.0], [57822.0, 100.0], [57821.5, 9960.0], [57820.0, 2880.0], [57819.5, 32130.0], [57819.0, 16430.0], [57818.0, 800.0]]","[[57834.0, 35710.0], [57834.5, 8530.0], [57835.0, 1000.0], [57835.5, 3600.0], [57837.0, 3000.0], [57838.0, 20000.0], [57844.0, 109020.0], [57845.0, 7000.0], [57846.0, 90.0], [57848.0, 20010.0]]"
37,2021-11-20 08:55:31.673,"[[57833.5, 640.0], [57824.0, 510.0], [57822.5, 510.0], [57822.0, 100.0], [57821.5, 9960.0], [57820.0, 2880.0], [57819.5, 33130.0], [57819.0, 16430.0], [57818.0, 800.0], [57816.5, 3000.0]]","[[57834.0, 18110.0], [57834.5, 8530.0], [57835.0, 1000.0], [57835.5, 3600.0], [57837.0, 3000.0], [57838.0, 20000.0], [57844.0, 109020.0], [57845.0, 7000.0], [57846.0, 90.0], [57848.0, 20010.0]]"
38,2021-11-20 08:55:31.956,"[[57833.5, 640.0], [57824.0, 510.0], [57822.5, 1510.0], [57822.0, 100.0], [57821.5, 9960.0], [57820.0, 2880.0], [57819.5, 32130.0], [57819.0, 16430.0], [57818.0, 800.0], [57816.5, 3000.0]]","[[57834.0, 18110.0], [57834.5, 8530.0], [57835.0, 1000.0], [57835.5, 3600.0], [57837.0, 3000.0], [57838.0, 20000.0], [57844.0, 109020.0], [57845.0, 7000.0], [57846.0, 90.0], [57848.0, 20010.0]]"
39,2021-11-20 08:55:32.340,"[[57833.5, 640.0], [57825.5, 1000.0], [57824.0, 510.0], [57822.5, 510.0], [57822.0, 100.0], [57821.5, 9960.0], [57820.0, 2880.0], [57819.5, 32130.0], [57819.0, 16430.0], [57818.0, 800.0]]","[[57834.0, 18110.0], [57834.5, 8530.0], [57835.0, 1000.0], [57835.5, 3600.0], [57837.0, 3000.0], [57838.0, 20000.0], [57844.0, 109020.0], [57845.0, 7000.0], [57846.0, 90.0], [57848.0, 20010.0]]"
40,2021-11-20 08:55:32.675,"[[57833.5, 640.0], [57829.0, 1000.0], [57824.0, 510.0], [57822.5, 510.0], [57822.0, 100.0], [57821.5, 9960.0], [57820.0, 2880.0], [57819.5, 32130.0], [57819.0, 16430.0], [57818.0, 800.0]]","[[57834.0, 18110.0], [57834.5, 8530.0], [57835.0, 1000.0], [57835.5, 3600.0], [57837.0, 3000.0], [57838.0, 20000.0], [57844.0, 109020.0], [57845.0, 7000.0], [57846.0, 90.0], [57848.0, 20010.0]]"
41,2021-11-20 08:55:32.995,"[[57833.5, 640.0], [57829.0, 1000.0], [57824.0, 510.0], [57822.5, 510.0], [57822.0, 100.0], [57821.5, 9960.0], [57820.0, 2880.0], [57819.5, 32130.0], [57819.0, 16430.0], [57818.0, 800.0]]","[[57834.0, 18110.0], [57834.5, 8530.0], [57835.0, 1000.0], [57835.5, 3600.0], [57837.0, 3000.0], [57838.0, 20000.0], [57844.0, 109020.0], [57845.0, 7000.0], [57846.0, 90.0], [57848.0, 20010.0]]"
42,2021-11-20 08:55:33.240,"[[57833.5, 640.0], [57832.0, 1000.0], [57824.0, 510.0], [57822.5, 510.0], [57822.0, 100.0], [57821.5, 9960.0], [57820.0, 2880.0], [57819.5, 32130.0], [57819.0, 16430.0], [57818.0, 800.0]]","[[57834.0, 18110.0], [57834.5, 8530.0], [57835.0, 1000.0], [57835.5, 3600.0], [57837.0, 3000.0], [57844.0, 109020.0], [57845.0, 7000.0], [57846.0, 90.0], [57848.0, 20010.0], [57848.5, 2580.0]]"
43,2021-11-20 08:55:33.664,"[[57833.5, 640.0], [57832.0, 1000.0], [57824.0, 510.0], [57822.5, 510.0], [57822.0, 100.0], [57821.5, 9960.0], [57820.0, 1880.0], [57819.5, 32130.0], [57819.0, 16430.0], [57818.0, 800.0]]","[[57834.0, 18110.0], [57834.5, 8530.0], [57835.0, 1000.0], [57835.5, 3600.0], [57837.0, 3000.0], [57838.0, 5000.0], [57841.0, 20000.0], [57844.0, 109020.0], [57845.0, 2000.0], [57846.0, 90.0]]"
44,2021-11-20 08:55:33.970,"[[57833.5, 640.0], [57829.0, 1000.0], [57824.0, 510.0], [57822.5, 510.0], [57822.0, 100.0], [57821.5, 9960.0], [57820.0, 1880.0], [57819.5, 32130.0], [57819.0, 16430.0], [57818.0, 800.0]]","[[57834.0, 18110.0], [57834.5, 8530.0], [57835.0, 1000.0], [57835.5, 3600.0], [57837.0, 3000.0], [57838.0, 5000.0], [57838.5, 20000.0], [57844.0, 109020.0], [57845.0, 2000.0], [57846.0, 90.0]]"
45,2021-11-20 08:55:34.311,"[[57833.5, 640.0], [57832.0, 1000.0], [57824.5, 5050.0], [57824.0, 510.0], [57822.5, 510.0], [57822.0, 100.0], [57821.5, 9960.0], [57820.0, 1880.0], [57819.5, 32130.0], [57819.0, 16430.0]]","[[57834.0, 18110.0], [57834.5, 8530.0], [57835.0, 1000.0], [57835.5, 3600.0], [57837.0, 3000.0], [57838.0, 5000.0], [57844.0, 109020.0], [57845.0, 2000.0], [57846.0, 90.0], [57847.5, 69990.0]]"
46,2021-11-20 08:55:34.633,"[[57833.5, 640.0], [57832.0, 1000.0], [57824.5, 5050.0], [57824.0, 510.0], [57822.5, 510.0], [57822.0, 100.0], [57821.5, 9960.0], [57820.0, 1880.0], [57819.5, 32130.0], [57819.0, 16430.0]]","[[57834.0, 18110.0], [57834.5, 8530.0], [57835.0, 1000.0], [57835.5, 3600.0], [57837.0, 3000.0], [57838.0, 5000.0], [57841.0, 20000.0], [57844.0, 109020.0], [57845.0, 2000.0], [57846.0, 90.0]]"
47,2021-11-20 08:55:34.970,"[[57833.5, 640.0], [57824.5, 6050.0], [57824.0, 510.0], [57823.0, 20.0], [57822.5, 510.0], [57822.0, 100.0], [57821.5, 9940.0], [57818.0, 800.0], [57817.0, 1000.0], [57815.5, 100.0]]","[[57834.0, 18110.0], [57834.5, 8530.0], [57835.0, 1000.0], [57835.5, 3600.0], [57837.0, 3000.0], [57838.0, 7000.0], [57844.0, 109020.0], [57846.0, 90.0], [57847.5, 69990.0], [57848.0, 20010.0]]"
48,2021-11-20 08:55:35.315,"[[57833.5, 640.0], [57824.5, 6050.0], [57824.0, 510.0], [57823.0, 20.0], [57822.5, 510.0], [57821.5, 680.0], [57821.0, 9360.0], [57818.0, 800.0], [57817.0, 1000.0], [57815.5, 100.0]]","[[57834.0, 60810.0], [57834.5, 8530.0], [57835.0, 1000.0], [57835.5, 3600.0], [57837.0, 3000.0], [57838.0, 7000.0], [57844.0, 109020.0], [57846.0, 90.0], [57847.5, 69990.0], [57848.0, 20010.0]]"
49,2021-11-20 08:55:35.629,"[[57833.5, 640.0], [57824.5, 5050.0], [57824.0, 510.0], [57823.0, 20.0], [57821.5, 580.0], [57821.0, 100.0], [57820.5, 9360.0], [57818.0, 800.0], [57817.0, 2000.0], [57815.5, 100.0]]","[[57834.0, 31410.0], [57834.5, 8530.0], [57835.0, 1000.0], [57835.5, 3600.0], [57837.0, 3000.0], [57838.0, 7000.0], [57838.5, 20000.0], [57839.0, 2000.0], [57844.0, 109020.0], [57846.0, 90.0]]"
50,2021-11-20 08:55:35.919,"[[57833.5, 640.0], [57824.5, 5050.0], [57824.0, 510.0], [57823.0, 1020.0], [57821.5, 580.0], [57819.0, 100.0], [57818.5, 9360.0], [57818.0, 800.0], [57817.0, 1000.0], [57815.5, 100.0]]","[[57834.0, 51670.0], [57834.5, 8530.0], [57835.0, 1000.0], [57835.5, 3600.0], [57837.0, 3000.0], [57838.0, 7000.0], [57838.5, 20000.0], [57839.0, 2000.0], [57844.0, 109020.0], [57846.0, 90.0]]"
51,2021-11-20 08:55:36.281,"[[57833.5, 640.0], [57824.5, 5050.0], [57824.0, 510.0], [57823.0, 1020.0], [57822.0, 100.0], [57821.5, 9940.0], [57817.5, 800.0], [57817.0, 1000.0], [57815.5, 100.0], [57811.5, 90.0]]","[[57834.0, 52170.0], [57834.5, 8530.0], [57835.0, 1000.0], [57835.5, 3600.0], [57837.0, 3000.0], [57838.0, 7000.0], [57838.5, 20000.0], [57839.0, 2000.0], [57844.0, 109020.0], [57846.0, 90.0]]"
52,2021-11-20 08:55:36.638,"[[57821.5, 580.0], [57819.0, 9360.0], [57818.0, 100.0], [57817.5, 800.0], [57814.0, 1000.0], [57811.5, 90.0], [57810.0, 160.0], [57809.0, 20.0], [57808.5, 1000.0], [57808.0, 16850.0]]","[[57822.0, 116130.0], [57822.5, 4210.0], [57830.0, 3600.0], [57833.5, 90.0], [57834.0, 20770.0], [57835.0, 20000.0], [57839.0, 2000.0], [57843.0, 5000.0], [57843.5, 7630.0], [57844.0, 109020.0]]"
53,2021-11-20 08:55:36.969,"[[57821.5, 580.0], [57817.0, 9360.0], [57812.0, 100.0], [57811.5, 90.0], [57810.0, 160.0], [57809.0, 20.0], [57806.5, 1880.0], [57806.0, 11000.0], [57805.5, 118140.0], [57804.0, 160.0]]","[[57822.0, 117130.0], [57822.5, 4210.0], [57823.5, 5000.0], [57825.5, 3000.0], [57827.0, 20000.0], [57827.5, 2000.0], [57830.0, 3600.0], [57833.5, 90.0], [57834.0, 36270.0], [57837.0, 15000.0]]"
54,2021-11-20 08:55:37.292,"[[57821.5, 580.0], [57812.5, 1000.0], [57812.0, 100.0], [57811.5, 90.0], [57810.5, 9360.0], [57810.0, 160.0], [57809.0, 20.0], [57808.5, 800.0], [57807.0, 16070.0], [57806.5, 1880.0]]","[[57822.0, 117130.0], [57822.5, 24390.0], [57823.5, 5000.0], [57825.5, 3000.0], [57827.0, 20000.0], [57827.5, 2000.0], [57830.0, 3600.0], [57833.5, 100.0], [57834.0, 15510.0], [57835.0, 9030.0]]"
55,2021-11-20 08:55:37.631,"[[57821.5, 580.0], [57812.0, 100.0], [57811.5, 90.0], [57810.0, 160.0], [57809.5, 1000.0], [57809.0, 20.0], [57808.5, 800.0], [57807.5, 9360.0], [57807.0, 16070.0], [57806.5, 1880.0]]","[[57822.0, 117130.0], [57822.5, 24390.0], [57823.5, 5000.0], [57825.5, 3000.0], [57827.0, 20000.0], [57827.5, 2000.0], [57830.0, 3600.0], [57833.5, 100.0], [57834.0, 15510.0], [57835.0, 9030.0]]"
56,2021-11-20 08:55:37.952,"[[57821.5, 580.0], [57814.0, 1000.0], [57810.0, 160.0], [57809.0, 20.0], [57808.5, 800.0], [57807.5, 100.0], [57807.0, 25430.0], [57806.5, 1880.0], [57806.0, 11000.0], [57805.5, 118140.0]]","[[57822.0, 23880.0], [57822.5, 24390.0], [57823.5, 5000.0], [57825.5, 23000.0], [57827.5, 2000.0], [57830.0, 3600.0], [57833.5, 100.0], [57834.0, 15510.0], [57835.0, 9030.0], [57836.5, 10000.0]]"
57,2021-11-20 08:55:38.245,"[[57821.5, 580.0], [57814.0, 1000.0], [57810.0, 160.0], [57809.0, 20.0], [57808.5, 800.0], [57807.5, 100.0], [57807.0, 16070.0], [57806.5, 11240.0], [57806.0, 11000.0], [57805.5, 118140.0]]","[[57822.0, 46580.0], [57822.5, 24390.0], [57823.5, 5000.0], [57825.5, 3000.0], [57827.0, 20000.0], [57827.5, 2000.0], [57830.0, 3600.0], [57833.5, 100.0], [57834.0, 25500.0], [57835.0, 9030.0]]"
58,2021-11-20 08:55:38.594,"[[57821.5, 580.0], [57814.0, 1000.0], [57810.0, 160.0], [57809.0, 20.0], [57808.5, 800.0], [57807.5, 9460.0], [57807.0, 16070.0], [57806.0, 12880.0], [57805.5, 118140.0], [57804.0, 160.0]]","[[57822.0, 46580.0], [57822.5, 24390.0], [57823.5, 5000.0], [57825.5, 3000.0], [57827.0, 20000.0], [57827.5, 2000.0], [57830.0, 3600.0], [57833.5, 100.0], [57834.0, 25500.0], [57835.0, 9030.0]]"
59,2021-11-20 08:55:38.903,"[[57821.5, 580.0], [57814.0, 1000.0], [57810.0, 160.0], [57809.0, 20.0], [57808.5, 800.0], [57807.5, 9460.0], [57807.0, 16070.0], [57806.0, 12880.0], [57805.5, 118140.0], [57804.0, 160.0]]","[[57822.0, 46580.0], [57822.5, 4210.0], [57823.5, 5000.0], [57825.5, 3000.0], [57827.0, 20000.0], [57827.5, 2000.0], [57830.0, 3600.0], [57833.5, 100.0], [57834.0, 25500.0], [57835.0, 9030.0]]"
60,2021-11-20 08:55:39.251,"[[57821.5, 580.0], [57814.0, 1000.0], [57813.0, 7290.0], [57810.0, 160.0], [57809.0, 20.0], [57808.5, 800.0], [57807.5, 9460.0], [57807.0, 16070.0], [57806.0, 11880.0], [57805.5, 118140.0]]","[[57822.0, 46580.0], [57822.5, 4210.0], [57823.5, 5000.0], [57825.5, 3000.0], [57827.0, 20000.0], [57827.5, 2000.0], [57830.0, 3600.0], [57833.0, 20180.0], [57833.5, 100.0], [57834.0, 25500.0]]"
61,2021-11-20 08:55:39.610,"[[57821.5, 580.0], [57817.0, 1000.0], [57813.0, 7290.0], [57810.0, 160.0], [57809.0, 20.0], [57808.5, 800.0], [57807.5, 9460.0], [57807.0, 16070.0], [57806.0, 11880.0], [57805.5, 118140.0]]","[[57822.0, 23880.0], [57822.5, 4210.0], [57825.5, 3000.0], [57826.5, 2000.0], [57827.0, 20000.0], [57827.5, 2000.0], [57830.0, 3600.0], [57830.5, 5000.0], [57833.0, 20180.0], [57833.5, 100.0]]"
62,2021-11-20 08:55:39.916,"[[57821.5, 580.0], [57820.0, 1000.0], [57813.0, 7290.0], [57810.5, 20.0], [57810.0, 160.0], [57808.5, 800.0], [57807.5, 9460.0], [57807.0, 16070.0], [57806.0, 11880.0], [57805.5, 118140.0]]","[[57822.0, 23880.0], [57822.5, 4210.0], [57825.5, 3000.0], [57826.5, 2000.0], [57827.0, 20000.0], [57830.0, 3600.0], [57830.5, 5000.0], [57833.0, 20180.0], [57833.5, 2100.0], [57834.0, 25500.0]]"
63,2021-11-20 08:55:40.265,"[[57821.5, 580.0], [57815.5, 1000.0], [57813.5, 100.0], [57813.0, 7290.0], [57810.5, 530.0], [57810.0, 160.0], [57808.5, 800.0], [57807.5, 9460.0], [57807.0, 16070.0], [57806.0, 11880.0]]","[[57822.0, 23880.0], [57822.5, 4210.0], [57826.5, 2000.0], [57830.0, 3600.0], [57830.5, 25000.0], [57831.0, 3000.0], [57833.0, 20180.0], [57833.5, 100.0], [57834.0, 10000.0], [57835.0, 9030.0]]"
64,2021-11-20 08:55:40.607,"[[57821.5, 580.0], [57816.0, 1000.0], [57813.5, 100.0], [57813.0, 7290.0], [57812.0, 20.0], [57810.5, 510.0], [57810.0, 160.0], [57808.5, 800.0], [57807.5, 9460.0], [57807.0, 16070.0]]","[[57822.0, 23880.0], [57822.5, 4210.0], [57826.5, 2000.0], [57830.0, 3600.0], [57830.5, 5000.0], [57831.0, 3000.0], [57831.5, 20000.0], [57833.0, 20180.0], [57833.5, 100.0], [57835.0, 9030.0]]"
65,2021-11-20 08:55:40.916,"[[57821.5, 580.0], [57819.0, 1000.0], [57813.5, 100.0], [57813.0, 7290.0], [57812.0, 20.0], [57810.5, 9870.0], [57810.0, 160.0], [57809.5, 100.0], [57808.5, 800.0], [57807.0, 16070.0]]","[[57822.0, 23880.0], [57822.5, 4210.0], [57826.5, 2000.0], [57830.0, 3600.0], [57830.5, 5000.0], [57831.0, 3000.0], [57831.5, 20000.0], [57833.0, 20180.0], [57833.5, 100.0], [57835.0, 9030.0]]"
66,2021-11-20 08:55:41.267,"[[57821.5, 580.0], [57819.0, 1000.0], [57813.5, 100.0], [57813.0, 7290.0], [57812.0, 20.0], [57811.5, 9360.0], [57810.5, 510.0], [57810.0, 160.0], [57809.5, 100.0], [57808.5, 800.0]]","[[57822.0, 23880.0], [57822.5, 4210.0], [57826.5, 2000.0], [57830.0, 3600.0], [57830.5, 5000.0], [57831.0, 3000.0], [57831.5, 20000.0], [57833.0, 20180.0], [57833.5, 100.0], [57835.0, 9030.0]]"
67,2021-11-20 08:55:41.598,"[[57821.5, 580.0], [57816.0, 1000.0], [57813.5, 100.0], [57813.0, 7290.0], [57812.0, 120.0], [57810.5, 9870.0], [57810.0, 160.0], [57808.5, 800.0], [57807.0, 16070.0], [57806.0, 11880.0]]","[[57822.0, 22880.0], [57822.5, 5210.0], [57826.5, 2000.0], [57827.0, 3000.0], [57830.0, 3600.0], [57830.5, 5000.0], [57831.5, 20000.0], [57833.0, 20180.0], [57833.5, 100.0], [57835.0, 9030.0]]"
68,2021-11-20 08:55:41.910,"[[57821.5, 580.0], [57816.0, 1000.0], [57813.5, 100.0], [57813.0, 7290.0], [57812.0, 20.0], [57811.0, 100.0], [57810.5, 9870.0], [57810.0, 160.0], [57808.5, 800.0], [57807.0, 16070.0]]","[[57822.0, 22880.0], [57822.5, 5210.0], [57823.0, 3000.0], [57826.5, 2000.0], [57828.0, 20000.0], [57830.0, 3600.0], [57830.5, 5000.0], [57833.0, 20180.0], [57833.5, 100.0], [57835.0, 9030.0]]"
69,2021-11-20 08:55:42.257,"[[57821.5, 580.0], [57813.5, 100.0], [57813.0, 7290.0], [57812.0, 20.0], [57811.0, 100.0], [57810.5, 9360.0], [57810.0, 160.0], [57808.5, 800.0], [57806.0, 10000.0], [57804.0, 160.0]]","[[57822.0, 22880.0], [57822.5, 5210.0], [57823.0, 3000.0], [57826.5, 2000.0], [57828.5, 20000.0], [57830.0, 3600.0], [57830.5, 5000.0], [57833.0, 20180.0], [57833.5, 100.0], [57834.0, 10000.0]]"
70,2021-11-20 08:55:42.587,"[[57813.0, 580.0], [57810.5, 100.0], [57810.0, 160.0], [57806.5, 7290.0], [57805.5, 9360.0], [57804.0, 160.0], [57802.0, 510.0], [57801.5, 20.0], [57794.0, 2000.0], [57792.0, 1000.0]]","[[57813.5, 22860.0], [57814.0, 3600.0], [57816.0, 20000.0], [57817.0, 3000.0], [57817.5, 5000.0], [57822.0, 20180.0], [57826.5, 2000.0], [57827.5, 2000.0], [57833.5, 90.0], [57834.0, 100.0]]"
71,2021-11-20 08:55:42.904,"[[57813.0, 580.0], [57810.0, 160.0], [57806.5, 7290.0], [57806.0, 100.0], [57804.0, 160.0], [57803.0, 9360.0], [57802.0, 510.0], [57801.5, 20.0], [57792.0, 1000.0], [57791.5, 2650.0]]","[[57813.5, 22860.0], [57814.0, 3600.0], [57816.0, 22000.0], [57817.0, 3000.0], [57817.5, 5000.0], [57820.0, 10000.0], [57822.0, 20180.0], [57825.0, 10.0], [57830.5, 400.0], [57831.5, 5210.0]]"
72,2021-11-20 08:55:43.249,"[[57813.0, 580.0], [57810.0, 160.0], [57806.5, 7290.0], [57804.0, 160.0], [57802.0, 510.0], [57801.5, 120.0], [57801.0, 9360.0], [57794.5, 1000.0], [57794.0, 1000.0], [57790.0, 7310.0]]","[[57813.5, 72410.0], [57814.0, 3600.0], [57816.0, 22000.0], [57817.0, 3000.0], [57817.5, 5000.0], [57820.0, 10000.0], [57822.0, 20180.0], [57825.0, 10.0], [57830.5, 400.0], [57831.5, 5210.0]]"
73,2021-11-20 08:55:43.560,"[[57810.0, 740.0], [57804.0, 160.0], [57801.5, 100.0], [57800.0, 7290.0], [57799.0, 9360.0], [57797.5, 20.0], [57794.5, 2000.0], [57790.0, 7310.0], [57789.5, 31100.0], [57787.5, 5110.0]]","[[57810.5, 32860.0], [57813.5, 40000.0], [57814.0, 3600.0], [57816.0, 22000.0], [57817.0, 3000.0], [57817.5, 5000.0], [57820.0, 10100.0], [57822.0, 20180.0], [57824.5, 600.0], [57825.0, 10010.0]]"
74,2021-11-20 08:55:43.909,"[[57810.0, 740.0], [57804.0, 160.0], [57800.0, 7290.0], [57799.5, 100.0], [57799.0, 9360.0], [57797.5, 1020.0], [57795.0, 15990.0], [57794.5, 1000.0], [57790.5, 15670.0], [57790.0, 7310.0]]","[[57810.5, 22860.0], [57813.5, 40000.0], [57814.0, 3600.0], [57816.0, 22000.0], [57817.0, 3000.0], [57817.5, 5000.0], [57820.0, 10100.0], [57822.0, 20190.0], [57824.5, 600.0], [57825.0, 10010.0]]"
75,2021-11-20 08:55:44.241,"[[57810.0, 740.0], [57804.0, 160.0], [57801.5, 1000.0], [57800.5, 20.0], [57800.0, 7290.0], [57799.5, 100.0], [57799.0, 9360.0], [57795.0, 15990.0], [57794.5, 1000.0], [57791.0, 1880.0]]","[[57810.5, 32860.0], [57814.0, 3600.0], [57816.0, 22000.0], [57817.0, 3000.0], [57817.5, 5000.0], [57820.0, 10100.0], [57822.0, 22190.0], [57824.5, 550.0], [57825.0, 10010.0], [57830.5, 400.0]]"
76,2021-11-20 08:55:44.570,"[[57810.0, 740.0], [57804.0, 160.0], [57801.5, 1000.0], [57800.5, 20.0], [57800.0, 7290.0], [57799.5, 100.0], [57799.0, 9360.0], [57795.0, 15990.0], [57794.5, 1000.0], [57791.0, 1880.0]]","[[57810.5, 22860.0], [57814.0, 3600.0], [57816.0, 22000.0], [57817.0, 3000.0], [57817.5, 5000.0], [57820.0, 10100.0], [57822.0, 22190.0], [57824.5, 550.0], [57825.0, 10010.0], [57830.5, 400.0]]"
77,2021-11-20 08:55:44.903,"[[57810.0, 740.0], [57804.5, 1000.0], [57804.0, 160.0], [57800.5, 20.0], [57800.0, 7290.0], [57799.5, 100.0], [57799.0, 9360.0], [57795.5, 20000.0], [57795.0, 15990.0], [57794.5, 1000.0]]","[[57810.5, 22860.0], [57814.0, 3600.0], [57816.0, 2000.0], [57817.0, 3000.0], [57817.5, 5000.0], [57820.0, 10100.0], [57822.0, 22190.0], [57824.5, 550.0], [57825.0, 10010.0], [57825.5, 20000.0]]"
78,2021-11-20 08:55:45.233,"[[57810.0, 740.0], [57804.5, 1000.0], [57804.0, 160.0], [57800.5, 20.0], [57800.0, 7290.0], [57799.5, 100.0], [57799.0, 9870.0], [57798.0, 100.0], [57797.0, 1000.0], [57795.5, 20000.0]]","[[57810.5, 22860.0], [57814.0, 3600.0], [57816.0, 2000.0], [57817.0, 3000.0], [57817.5, 5000.0], [57820.0, 10100.0], [57822.0, 22190.0], [57824.5, 560.0], [57825.0, 10010.0], [57825.5, 20000.0]]"
79,2021-11-20 08:55:45.534,"[[57810.0, 740.0], [57804.5, 1000.0], [57804.0, 160.0], [57800.5, 20.0], [57800.0, 7290.0], [57799.5, 1100.0], [57799.0, 9870.0], [57798.0, 100.0], [57796.0, 800.0], [57795.5, 20000.0]]","[[57810.5, 22860.0], [57814.0, 3600.0], [57816.0, 2000.0], [57817.0, 3000.0], [57817.5, 5000.0], [57820.0, 10100.0], [57822.0, 20190.0], [57824.5, 560.0], [57825.0, 10010.0], [57825.5, 20000.0]]"
80,2021-11-20 08:55:45.888,"[[57810.0, 740.0], [57804.5, 1000.0], [57804.0, 160.0], [57801.5, 1000.0], [57800.5, 120.0], [57800.0, 7290.0], [57799.0, 9870.0], [57798.0, 100.0], [57795.5, 20000.0], [57795.0, 18990.0]]","[[57810.5, 21860.0], [57814.0, 3600.0], [57816.0, 2000.0], [57817.0, 3000.0], [57820.0, 10100.0], [57822.0, 20190.0], [57824.5, 560.0], [57825.0, 15010.0], [57825.5, 20000.0], [57827.0, 2000.0]]"
81,2021-11-20 08:55:46.223,"[[57810.0, 15140.0], [57809.5, 100.0], [57807.5, 1000.0], [57804.0, 160.0], [57801.0, 1040.0], [57800.5, 20.0], [57800.0, 27290.0], [57799.0, 10380.0], [57798.0, 100.0], [57795.0, 15990.0]]","[[57810.5, 13330.0], [57814.0, 3600.0], [57816.0, 2000.0], [57817.0, 3000.0], [57820.0, 10100.0], [57822.0, 20190.0], [57825.0, 15010.0], [57827.0, 2000.0], [57830.0, 560.0], [57830.5, 20400.0]]"
82,2021-11-20 08:55:46.545,"[[57810.0, 940.0], [57809.5, 83630.0], [57807.5, 1000.0], [57804.0, 180.0], [57803.5, 1000.0], [57803.0, 20000.0], [57802.0, 9360.0], [57801.0, 1040.0], [57800.0, 7290.0], [57799.0, 4020.0]]","[[57810.5, 30.0], [57814.0, 3600.0], [57815.0, 1000.0], [57818.5, 760.0], [57821.5, 3000.0], [57822.0, 20190.0], [57825.0, 15010.0], [57827.0, 2000.0], [57830.0, 560.0], [57830.5, 20400.0]]"
83,2021-11-20 08:55:46.864,"[[57810.0, 940.0], [57809.5, 83630.0], [57807.5, 1000.0], [57804.0, 180.0], [57803.5, 1000.0], [57803.0, 20000.0], [57802.0, 9360.0], [57801.0, 1040.0], [57800.0, 7290.0], [57799.0, 4020.0]]","[[57810.5, 30.0], [57814.0, 3600.0], [57815.0, 1000.0], [57818.5, 760.0], [57821.5, 3000.0], [57822.0, 20190.0], [57825.0, 15010.0], [57827.0, 12000.0], [57830.0, 560.0], [57830.5, 20400.0]]"
84,2021-11-20 08:55:47.208,"[[57810.0, 31740.0], [57809.5, 83630.0], [57807.5, 1000.0], [57804.0, 180.0], [57803.5, 1000.0], [57803.0, 20000.0], [57802.0, 9360.0], [57801.0, 1040.0], [57800.0, 7290.0], [57799.5, 16680.0]]","[[57810.5, 30.0], [57814.0, 3600.0], [57815.0, 1000.0], [57818.5, 760.0], [57821.5, 3000.0], [57822.0, 20190.0], [57825.0, 15010.0], [57827.0, 12000.0], [57830.0, 560.0], [57830.5, 20400.0]]"
85,2021-11-20 08:55:47.535,"[[57810.0, 31740.0], [57809.5, 83630.0], [57807.5, 1000.0], [57806.5, 9360.0], [57804.0, 180.0], [57803.5, 1000.0], [57803.0, 20000.0], [57801.0, 1040.0], [57800.0, 7290.0], [57799.5, 16680.0]]","[[57810.5, 30.0], [57814.0, 3600.0], [57815.0, 1000.0], [57818.5, 760.0], [57821.5, 3000.0], [57822.0, 20190.0], [57825.0, 15010.0], [57827.0, 12000.0], [57830.0, 560.0], [57830.5, 20400.0]]"
86,2021-11-20 08:55:47.867,"[[57810.0, 31740.0], [57809.5, 83630.0], [57807.5, 1000.0], [57806.0, 1000.0], [57805.0, 9360.0], [57804.0, 180.0], [57803.0, 20000.0], [57801.0, 1040.0], [57800.0, 7290.0], [57799.5, 16680.0]]","[[57810.5, 30.0], [57814.0, 3600.0], [57818.0, 1000.0], [57818.5, 760.0], [57821.5, 3000.0], [57822.0, 10.0], [57825.0, 5000.0], [57827.0, 10000.0], [57830.0, 560.0], [57830.5, 2400.0]]"
87,2021-11-20 08:55:48.175,"[[57810.0, 53440.0], [57809.5, 83630.0], [57807.5, 1000.0], [57806.0, 20000.0], [57805.5, 9360.0], [57804.0, 180.0], [57802.5, 3000.0], [57801.0, 1040.0], [57800.0, 7290.0], [57799.5, 16680.0]]","[[57810.5, 30.0], [57814.0, 3600.0], [57818.0, 1000.0], [57818.5, 760.0], [57821.5, 3000.0], [57822.0, 10.0], [57827.0, 10000.0], [57830.0, 560.0], [57830.5, 2400.0], [57831.0, 5000.0]]"
88,2021-11-20 08:55:48.524,"[[57810.0, 940.0], [57809.5, 83630.0], [57808.0, 9360.0], [57807.5, 1000.0], [57806.0, 20000.0], [57804.0, 180.0], [57802.5, 3000.0], [57801.5, 2000.0], [57801.0, 1040.0], [57800.0, 7290.0]]","[[57810.5, 30.0], [57814.0, 3600.0], [57818.0, 1000.0], [57821.5, 3000.0], [57822.0, 10.0], [57824.5, 70750.0], [57830.0, 560.0], [57830.5, 2400.0], [57831.0, 5000.0], [57833.5, 670.0]]"
89,2021-11-20 08:55:48.865,"[[57810.0, 940.0], [57809.5, 83630.0], [57808.5, 1000.0], [57807.5, 1000.0], [57807.0, 9360.0], [57806.0, 20000.0], [57804.0, 180.0], [57802.5, 3000.0], [57801.0, 1040.0], [57800.0, 7290.0]]","[[57810.5, 30.0], [57814.0, 3600.0], [57820.5, 1000.0], [57822.0, 10.0], [57824.5, 70750.0], [57826.0, 3000.0], [57830.0, 560.0], [57830.5, 400.0], [57831.0, 5000.0], [57833.5, 10900.0]]"
90,2021-11-20 08:55:49.080,"[[57810.0, 28340.0], [57809.5, 83630.0], [57808.5, 1000.0], [57807.5, 1000.0], [57807.0, 9360.0], [57806.0, 20000.0], [57804.0, 180.0], [57802.5, 3000.0], [57801.0, 1040.0], [57800.0, 7290.0]]","[[57810.5, 30.0], [57814.0, 3600.0], [57820.5, 1000.0], [57822.0, 10.0], [57824.5, 70750.0], [57826.0, 3000.0], [57828.0, 20180.0], [57830.0, 560.0], [57831.0, 5000.0], [57833.5, 3090.0]]"
91,2021-11-20 08:55:49.517,"[[57810.0, 28340.0], [57809.5, 83630.0], [57808.5, 1000.0], [57807.5, 1000.0], [57807.0, 9360.0], [57806.0, 20000.0], [57804.0, 180.0], [57802.5, 3000.0], [57801.0, 1040.0], [57800.0, 7290.0]]","[[57810.5, 30.0], [57814.0, 3600.0], [57822.0, 10.0], [57824.5, 70750.0], [57826.0, 3000.0], [57828.0, 20180.0], [57830.0, 560.0], [57831.0, 5000.0], [57833.5, 3090.0], [57834.0, 10000.0]]"
92,2021-11-20 08:55:49.835,"[[57810.0, 940.0], [57809.5, 83630.0], [57808.5, 1000.0], [57807.5, 1000.0], [57807.0, 9360.0], [57805.0, 20000.0], [57804.0, 180.0], [57802.5, 3000.0], [57801.0, 1040.0], [57800.0, 7290.0]]","[[57810.5, 30.0], [57814.0, 3600.0], [57817.0, 1000.0], [57822.0, 10.0], [57824.5, 70750.0], [57826.0, 3000.0], [57828.0, 20180.0], [57830.0, 560.0], [57831.0, 5000.0], [57833.5, 3090.0]]"
93,2021-11-20 08:55:50.185,"[[57813.5, 63580.0], [57811.5, 1000.0], [57810.0, 840.0], [57809.5, 83630.0], [57808.5, 1000.0], [57807.5, 20.0], [57806.5, 9360.0], [57805.0, 20000.0], [57804.0, 160.0], [57803.5, 90.0]]","[[57814.0, 70.0], [57817.0, 1000.0], [57822.0, 3610.0], [57824.5, 70750.0], [57826.0, 3000.0], [57828.0, 20180.0], [57830.0, 560.0], [57831.0, 5000.0], [57833.5, 3100.0], [57834.0, 10000.0]]"
94,2021-11-20 08:55:50.493,"[[57813.5, 6480.0], [57811.5, 1000.0], [57810.0, 940.0], [57809.5, 83630.0], [57808.5, 1000.0], [57808.0, 20000.0], [57807.5, 20.0], [57806.0, 9360.0], [57804.0, 160.0], [57803.5, 90.0]]","[[57814.0, 70.0], [57817.0, 1000.0], [57822.0, 3610.0], [57824.5, 70750.0], [57826.0, 3000.0], [57828.0, 20180.0], [57831.0, 5000.0], [57833.5, 3100.0], [57834.0, 10000.0], [57834.5, 9230.0]]"
95,2021-11-20 08:55:50.839,"[[57813.5, 6480.0], [57811.5, 1000.0], [57811.0, 1000.0], [57810.0, 940.0], [57809.5, 83630.0], [57808.0, 36920.0], [57807.5, 9380.0], [57807.0, 3000.0], [57804.0, 160.0], [57803.5, 90.0]]","[[57814.0, 70.0], [57814.5, 1000.0], [57820.5, 3000.0], [57822.0, 3610.0], [57824.5, 69990.0], [57825.5, 5000.0], [57828.0, 20180.0], [57831.0, 760.0], [57833.5, 3100.0], [57834.0, 10000.0]]"
96,2021-11-20 08:55:51.175,"[[57820.0, 6480.0], [57815.0, 1000.0], [57814.5, 100.0], [57814.0, 70.0], [57813.0, 20.0], [57810.0, 840.0], [57809.5, 83630.0], [57808.0, 37920.0], [57807.5, 9360.0], [57807.0, 800.0]]","[[57820.5, 3000.0], [57822.0, 3600.0], [57824.5, 69990.0], [57825.5, 5000.0], [57828.0, 20180.0], [57829.5, 2000.0], [57831.0, 760.0], [57833.5, 3100.0], [57834.0, 10000.0], [57835.0, 9430.0]]"
97,2021-11-20 08:55:51.509,"[[57820.0, 6480.0], [57814.5, 100.0], [57814.0, 70.0], [57813.0, 20.0], [57811.5, 1000.0], [57810.0, 840.0], [57809.5, 83630.0], [57808.0, 20000.0], [57807.5, 9360.0], [57807.0, 800.0]]","[[57820.5, 3000.0], [57822.0, 3600.0], [57824.5, 69990.0], [57825.5, 5000.0], [57828.0, 20180.0], [57831.0, 760.0], [57833.5, 3100.0], [57834.0, 10000.0], [57835.0, 9430.0], [57836.5, 22000.0]]"
98,2021-11-20 08:55:51.811,"[[57820.0, 6480.0], [57814.5, 1100.0], [57814.0, 70.0], [57813.0, 20.0], [57810.0, 840.0], [57809.5, 83630.0], [57808.0, 20000.0], [57807.5, 9360.0], [57807.0, 1800.0], [57804.0, 160.0]]","[[57820.5, 3000.0], [57821.0, 1000.0], [57822.0, 3600.0], [57824.5, 69990.0], [57825.5, 5000.0], [57828.0, 20180.0], [57831.0, 760.0], [57833.5, 3100.0], [57834.0, 10000.0], [57835.0, 9430.0]]"
99,2021-11-20 08:55:52.158,"[[57824.0, 5880.0], [57821.0, 100.0], [57817.5, 20.0], [57815.5, 1000.0], [57810.0, 2720.0], [57809.5, 83630.0], [57809.0, 1000.0], [57808.0, 20000.0], [57806.5, 16650.0], [57805.5, 800.0]]","[[57824.5, 67990.0], [57825.5, 5000.0], [57831.0, 760.0], [57833.5, 3010.0], [57834.0, 10000.0], [57835.0, 9430.0], [57836.5, 22000.0], [57837.0, 600.0], [57837.5, 17500.0], [57838.0, 15660.0]]"
100,2021-11-20 08:55:52.488,"[[57824.0, 5880.0], [57815.5, 1000.0], [57812.5, 20.0], [57810.0, 2820.0], [57809.5, 83630.0], [57809.0, 1000.0], [57808.0, 20000.0], [57807.5, 9360.0], [57806.5, 7290.0], [57805.5, 800.0]]","[[57824.5, 67990.0], [57825.5, 5000.0], [57828.5, 2000.0], [57831.0, 760.0], [57833.5, 3010.0], [57834.0, 10000.0], [57835.0, 9430.0], [57836.5, 20000.0], [57837.5, 17500.0], [57838.0, 15660.0]]"
101,2021-11-20 08:55:52.819,"[[57824.0, 5880.0], [57815.5, 1000.0], [57812.5, 20.0], [57810.0, 2820.0], [57809.5, 103630.0], [57809.0, 1000.0], [57807.5, 9360.0], [57806.5, 7290.0], [57805.5, 800.0], [57804.0, 160.0]]","[[57824.5, 67990.0], [57825.5, 5000.0], [57828.5, 2000.0], [57831.0, 760.0], [57833.5, 3010.0], [57834.0, 10000.0], [57835.0, 9430.0], [57836.5, 20000.0], [57837.5, 17500.0], [57838.0, 15660.0]]"
102,2021-11-20 08:55:53.159,"[[57824.0, 5880.0], [57819.5, 1000.0], [57814.5, 20.0], [57810.0, 2820.0], [57809.5, 103630.0], [57809.0, 1000.0], [57807.5, 9360.0], [57806.5, 7290.0], [57805.5, 800.0], [57804.5, 580.0]]","[[57824.5, 3600.0], [57825.5, 5000.0], [57828.5, 2000.0], [57831.0, 760.0], [57833.5, 3010.0], [57834.0, 10000.0], [57835.0, 9430.0], [57836.5, 20000.0], [57837.5, 17500.0], [57838.0, 15660.0]]"
103,2021-11-20 08:55:53.488,"[[57824.0, 5880.0], [57819.5, 1000.0], [57814.5, 20.0], [57810.0, 2820.0], [57809.5, 83630.0], [57809.0, 1000.0], [57807.5, 9360.0], [57806.5, 7290.0], [57806.0, 20000.0], [57805.5, 800.0]]","[[57824.5, 27450.0], [57825.0, 3000.0], [57825.5, 5000.0], [57828.5, 2000.0], [57831.0, 760.0], [57833.5, 3010.0], [57834.0, 10000.0], [57835.0, 9430.0], [57835.5, 20000.0], [57837.5, 17500.0]]"
104,2021-11-20 08:55:53.791,"[[57819.5, 1000.0], [57810.0, 940.0], [57809.5, 83630.0], [57808.5, 20.0], [57807.5, 9360.0], [57806.5, 8290.0], [57806.0, 20000.0], [57804.5, 1070.0], [57804.0, 160.0], [57803.5, 90.0]]","[[57820.0, 9130.0], [57825.0, 3000.0], [57825.5, 5000.0], [57830.5, 3600.0], [57831.0, 760.0], [57831.5, 10.0], [57833.5, 3010.0], [57834.0, 10000.0], [57835.0, 9430.0], [57835.5, 20000.0]]"
105,2021-11-20 08:55:54.124,"[[57816.0, 98900.0], [57810.5, 20.0], [57810.0, 1840.0], [57809.5, 83630.0], [57807.5, 9360.0], [57806.5, 7290.0], [57806.0, 20000.0], [57805.0, 3000.0], [57804.5, 17100.0], [57804.0, 160.0]]","[[57816.5, 4110.0], [57820.0, 1000.0], [57825.0, 3000.0], [57830.5, 3600.0], [57831.0, 760.0], [57831.5, 5010.0], [57833.5, 5010.0], [57834.0, 10000.0], [57835.0, 9430.0], [57835.5, 20000.0]]"
106,2021-11-20 08:55:54.432,"[[57819.5, 5880.0], [57816.5, 100.0], [57816.0, 8000.0], [57813.5, 20.0], [57810.0, 1840.0], [57809.5, 83630.0], [57806.5, 16650.0], [57806.0, 20000.0], [57805.0, 3000.0], [57804.5, 17100.0]]","[[57820.0, 1000.0], [57825.0, 3000.0], [57830.5, 3600.0], [57831.0, 760.0], [57831.5, 5010.0], [57833.5, 5010.0], [57834.0, 10000.0], [57835.0, 9430.0], [57835.5, 20000.0], [57837.0, 600.0]]"
107,2021-11-20 08:55:54.806,"[[57819.5, 5880.0], [57816.5, 100.0], [57816.0, 8000.0], [57813.5, 20.0], [57810.0, 1840.0], [57809.5, 83630.0], [57807.0, 9360.0], [57806.5, 7290.0], [57806.0, 20000.0], [57805.0, 3000.0]]","[[57820.0, 1000.0], [57825.0, 3000.0], [57830.5, 3600.0], [57831.0, 760.0], [57831.5, 5010.0], [57833.5, 5010.0], [57834.0, 10000.0], [57835.0, 9430.0], [57835.5, 20000.0], [57837.0, 600.0]]"
108,2021-11-20 08:55:55.128,"[[57822.0, 3920.0], [57819.5, 1000.0], [57816.5, 100.0], [57816.0, 7000.0], [57815.0, 20.0], [57810.5, 1070.0], [57810.0, 1840.0], [57809.5, 83630.0], [57807.0, 9360.0], [57806.5, 7290.0]]","[[57822.5, 1000.0], [57825.0, 3000.0], [57830.5, 3600.0], [57831.0, 760.0], [57831.5, 5010.0], [57833.5, 5010.0], [57834.0, 10000.0], [57835.0, 9430.0], [57835.5, 20000.0], [57837.0, 600.0]]"
109,2021-11-20 08:55:55.448,"[[57822.0, 3920.0], [57819.5, 1000.0], [57816.5, 100.0], [57816.0, 7000.0], [57815.0, 20.0], [57810.5, 1070.0], [57810.0, 1840.0], [57809.5, 103630.0], [57807.5, 9360.0], [57806.5, 7290.0]]","[[57822.5, 1000.0], [57825.0, 3000.0], [57830.5, 3600.0], [57831.0, 760.0], [57831.5, 5000.0], [57833.5, 5010.0], [57834.0, 10.0], [57835.0, 9430.0], [57835.5, 20000.0], [57837.0, 600.0]]"
110,2021-11-20 08:55:55.740,"[[57822.0, 3920.0], [57819.5, 1000.0], [57816.5, 100.0], [57816.0, 7000.0], [57815.0, 20.0], [57810.5, 1070.0], [57810.0, 1840.0], [57809.5, 103630.0], [57807.5, 9360.0], [57806.5, 7290.0]]","[[57822.5, 1000.0], [57825.0, 3000.0], [57830.5, 3600.0], [57831.0, 760.0], [57831.5, 5000.0], [57833.5, 5010.0], [57834.0, 10.0], [57835.0, 9430.0], [57835.5, 20000.0], [57837.0, 600.0]]"
111,2021-11-20 08:55:56.072,"[[57822.0, 3920.0], [57819.5, 1000.0], [57816.5, 100.0], [57816.0, 7000.0], [57815.0, 20.0], [57810.5, 1070.0], [57810.0, 1840.0], [57809.5, 103630.0], [57807.5, 9360.0], [57806.5, 7290.0]]","[[57822.5, 1000.0], [57825.0, 3000.0], [57830.5, 3600.0], [57831.0, 760.0], [57831.5, 5000.0], [57833.5, 3010.0], [57834.0, 10.0], [57834.5, 2000.0], [57835.0, 9430.0], [57835.5, 20000.0]]"
112,2021-11-20 08:55:56.398,"[[57822.0, 3920.0], [57819.5, 1000.0], [57816.5, 100.0], [57816.0, 7000.0], [57815.0, 20.0], [57810.5, 1070.0], [57810.0, 1840.0], [57809.5, 103630.0], [57807.5, 9360.0], [57806.5, 7290.0]]","[[57822.5, 1000.0], [57825.0, 3000.0], [57830.5, 3600.0], [57831.0, 760.0], [57831.5, 5000.0], [57833.5, 3010.0], [57834.0, 10.0], [57834.5, 2000.0], [57835.0, 9430.0], [57835.5, 20000.0]]"
113,2021-11-20 08:55:56.762,"[[57816.0, 6250.0], [57810.0, 1940.0], [57809.5, 103630.0], [57807.5, 9360.0], [57807.0, 20.0], [57806.5, 7290.0], [57806.0, 2000.0], [57805.5, 600.0], [57805.0, 3000.0], [57804.5, 18110.0]]","[[57822.0, 1000.0], [57822.5, 1000.0], [57825.0, 3000.0], [57830.5, 3600.0], [57831.0, 760.0], [57831.5, 5000.0], [57833.0, 100.0], [57833.5, 3010.0], [57834.0, 10.0], [57834.5, 2000.0]]"
114,2021-11-20 08:55:57.123,"[[57821.5, 3920.0], [57816.5, 100.0], [57816.0, 6250.0], [57812.0, 20.0], [57810.0, 1840.0], [57809.5, 83630.0], [57808.0, 20000.0], [57807.5, 9360.0], [57806.5, 7290.0], [57806.0, 2000.0]]","[[57822.0, 1000.0], [57822.5, 1000.0], [57825.0, 3000.0], [57830.5, 3600.0], [57831.0, 70750.0], [57831.5, 5000.0], [57833.0, 100.0], [57833.5, 3010.0], [57834.5, 2000.0], [57835.0, 9430.0]]"
115,2021-11-20 08:55:57.447,"[[57821.5, 3920.0], [57816.5, 100.0], [57816.0, 6250.0], [57812.0, 20.0], [57810.0, 1840.0], [57809.5, 83630.0], [57808.0, 29360.0], [57806.5, 7290.0], [57806.0, 2000.0], [57805.5, 600.0]]","[[57822.0, 1000.0], [57822.5, 1000.0], [57825.0, 3000.0], [57830.5, 3600.0], [57831.0, 70750.0], [57831.5, 5000.0], [57833.0, 100.0], [57833.5, 3020.0], [57834.5, 2000.0], [57835.0, 9430.0]]"
116,2021-11-20 08:55:57.756,"[[57821.5, 3920.0], [57816.5, 100.0], [57816.0, 6250.0], [57812.0, 9380.0], [57810.0, 1840.0], [57809.5, 83630.0], [57808.5, 20000.0], [57806.5, 7290.0], [57806.0, 2000.0], [57805.5, 600.0]]","[[57822.0, 1000.0], [57822.5, 1000.0], [57825.0, 3000.0], [57830.5, 3600.0], [57831.0, 70750.0], [57831.5, 5000.0], [57833.0, 100.0], [57833.5, 3020.0], [57834.5, 2000.0], [57835.0, 9430.0]]"
117,2021-11-20 08:55:58.081,"[[57822.0, 39180.0], [57821.5, 3920.0], [57816.0, 6250.0], [57814.0, 20.0], [57810.0, 1840.0], [57809.5, 92990.0], [57808.5, 20000.0], [57806.5, 7290.0], [57806.0, 2000.0], [57805.5, 600.0]]","[[57822.5, 9130.0], [57825.0, 3000.0], [57830.5, 3600.0], [57831.0, 70750.0], [57831.5, 5000.0], [57833.0, 100.0], [57833.5, 3020.0], [57834.5, 2000.0], [57835.0, 9030.0], [57835.5, 20000.0]]"
118,2021-11-20 08:55:58.434,"[[57822.0, 5880.0], [57821.5, 3920.0], [57820.5, 100.0], [57820.0, 1000.0], [57816.0, 6250.0], [57814.0, 20.0], [57810.0, 1840.0], [57809.5, 92990.0], [57808.5, 20000.0], [57806.5, 7290.0]]","[[57822.5, 9130.0], [57825.0, 3000.0], [57830.5, 3600.0], [57831.0, 760.0], [57831.5, 5000.0], [57833.0, 100.0], [57833.5, 3000.0], [57834.0, 10.0], [57835.0, 9030.0], [57837.0, 600.0]]"
119,2021-11-20 08:55:58.776,"[[57822.0, 5880.0], [57821.5, 3920.0], [57820.5, 100.0], [57820.0, 1000.0], [57816.0, 6250.0], [57815.0, 1000.0], [57814.0, 20.0], [57812.0, 9360.0], [57811.5, 20000.0], [57811.0, 2000.0]]","[[57822.5, 4210.0], [57830.0, 3000.0], [57830.5, 3600.0], [57831.0, 760.0], [57831.5, 5000.0], [57833.0, 100.0], [57833.5, 3000.0], [57834.0, 10.0], [57835.0, 9030.0], [57837.0, 600.0]]"
120,2021-11-20 08:55:59.107,"[[57833.5, 3920.0], [57827.0, 1000.0], [57826.5, 20.0], [57824.5, 510.0], [57823.0, 510.0], [57820.0, 3700.0], [57819.5, 7290.0], [57819.0, 20580.0], [57817.0, 3000.0], [57816.0, 6350.0]]","[[57845.0, 10000.0], [57845.5, 400.0], [57846.0, 90.0], [57847.0, 3600.0], [57848.5, 580.0], [57849.0, 10000.0], [57849.5, 20000.0], [57850.0, 18860.0], [57850.5, 5210.0], [57851.5, 16400.0]]"
121,2021-11-20 08:55:59.437,"[[57845.0, 3920.0], [57840.5, 82120.0], [57838.0, 97200.0], [57837.0, 20.0], [57834.0, 580.0], [57829.0, 100.0], [57827.0, 1000.0], [57826.0, 7390.0], [57825.5, 3000.0], [57824.5, 510.0]]","[[57845.5, 36200.0], [57846.5, 5000.0], [57847.0, 3600.0], [57849.0, 10000.0], [57850.0, 550.0], [57850.5, 400.0], [57852.0, 3000.0], [57853.5, 94800.0], [57854.0, 2500.0], [57854.5, 20000.0]]"
122,2021-11-20 08:55:59.744,"[[57848.0, 3920.0], [57840.5, 83200.0], [57839.0, 20.0], [57838.0, 97200.0], [57835.5, 2040.0], [57834.0, 580.0], [57832.5, 7290.0], [57832.0, 1000.0], [57829.0, 100.0], [57827.0, 4600.0]]","[[57848.5, 34610.0], [57849.0, 13000.0], [57850.5, 400.0], [57852.0, 3000.0], [57853.5, 94800.0], [57854.0, 2500.0], [57854.5, 20000.0], [57855.0, 13600.0], [57858.0, 2000.0], [57859.0, 90.0]]"
123,2021-11-20 08:56:00.069,"[[57844.0, 1000.0], [57840.5, 83200.0], [57836.0, 100.0], [57835.5, 20.0], [57834.0, 580.0], [57832.0, 1000.0], [57831.5, 4040.0], [57829.0, 100.0], [57827.5, 9360.0], [57827.0, 3600.0]]","[[57844.5, 21430.0], [57848.5, 760.0], [57849.0, 13000.0], [57850.5, 400.0], [57853.5, 94800.0], [57854.0, 2500.0], [57854.5, 20000.0], [57855.0, 13600.0], [57857.5, 580.0], [57858.0, 2000.0]]"
124,2021-11-20 08:56:00.429,"[[57844.0, 1000.0], [57840.5, 83200.0], [57836.0, 100.0], [57835.5, 20.0], [57834.0, 580.0], [57832.0, 1000.0], [57831.5, 4040.0], [57829.0, 100.0], [57827.5, 9360.0], [57827.0, 3600.0]]","[[57844.5, 21430.0], [57848.5, 760.0], [57849.0, 13000.0], [57850.5, 400.0], [57854.0, 2500.0], [57854.5, 20000.0], [57855.0, 13600.0], [57856.0, 10.0], [57857.5, 580.0], [57858.0, 2000.0]]"
125,2021-11-20 08:56:00.744,"[[57844.0, 1000.0], [57840.5, 83200.0], [57836.0, 100.0], [57835.5, 20.0], [57834.0, 580.0], [57832.0, 1000.0], [57831.5, 2000.0], [57831.0, 2040.0], [57829.0, 9460.0], [57827.0, 3600.0]]","[[57844.5, 21430.0], [57848.5, 760.0], [57849.0, 13000.0], [57850.5, 400.0], [57854.0, 2500.0], [57855.0, 13600.0], [57856.0, 10.0], [57857.5, 580.0], [57858.0, 2000.0], [57859.0, 90.0]]"
126,2021-11-20 08:56:01.087,"[[57844.0, 1000.0], [57840.5, 83200.0], [57835.5, 20.0], [57835.0, 100.0], [57834.0, 580.0], [57832.0, 1000.0], [57831.5, 2000.0], [57831.0, 2040.0], [57829.0, 100.0], [57827.0, 3600.0]]","[[57844.5, 17220.0], [57848.5, 760.0], [57849.0, 13000.0], [57850.5, 400.0], [57854.0, 2500.0], [57854.5, 20000.0], [57855.0, 13600.0], [57856.0, 10.0], [57857.5, 580.0], [57858.0, 2000.0]]"
127,2021-11-20 08:56:01.403,"[[57844.0, 1000.0], [57840.5, 83200.0], [57835.5, 20.0], [57835.0, 100.0], [57834.0, 580.0], [57831.5, 2000.0], [57831.0, 2040.0], [57829.0, 100.0], [57827.0, 3600.0], [57826.0, 9360.0]]","[[57844.5, 18220.0], [57849.0, 13000.0], [57850.5, 400.0], [57854.0, 2500.0], [57854.5, 25000.0], [57855.0, 13600.0], [57856.0, 10.0], [57857.5, 580.0], [57858.0, 2000.0], [57859.0, 90.0]]"
128,2021-11-20 08:56:01.736,"[[57844.0, 1000.0], [57840.5, 83200.0], [57835.5, 20.0], [57835.0, 100.0], [57834.0, 580.0], [57831.0, 2040.0], [57829.0, 100.0], [57827.5, 9360.0], [57827.0, 5600.0], [57826.0, 20000.0]]","[[57844.5, 18220.0], [57849.0, 13000.0], [57850.5, 400.0], [57851.0, 760.0], [57854.0, 2500.0], [57854.5, 25000.0], [57855.0, 13600.0], [57856.0, 10.0], [57857.5, 580.0], [57858.0, 2000.0]]"
129,2021-11-20 08:56:02.058,"[[57844.0, 1000.0], [57840.5, 83200.0], [57836.0, 100.0], [57835.5, 20.0], [57834.0, 580.0], [57831.0, 2040.0], [57829.0, 100.0], [57827.0, 5600.0], [57826.5, 6990.0], [57826.0, 29360.0]]","[[57844.5, 27770.0], [57845.0, 3000.0], [57849.0, 5000.0], [57850.5, 400.0], [57851.0, 760.0], [57854.0, 12500.0], [57854.5, 20000.0], [57855.0, 13600.0], [57856.0, 10.0], [57857.5, 580.0]]"
130,2021-11-20 08:56:02.411,"[[57841.0, 1000.0], [57834.0, 580.0], [57833.5, 1000.0], [57830.0, 20.0], [57828.5, 3000.0], [57827.0, 3600.0], [57826.5, 100.0], [57826.0, 9360.0], [57825.0, 20000.0], [57824.5, 510.0]]","[[57841.5, 12340.0], [57850.5, 3400.0], [57851.0, 760.0], [57853.0, 2000.0], [57854.0, 10000.0], [57855.0, 3600.0], [57856.0, 5010.0], [57857.5, 580.0], [57859.0, 90.0], [57860.0, 2500.0]]"
131,2021-11-20 08:56:02.740,"[[57841.0, 1000.0], [57834.0, 580.0], [57830.0, 20.0], [57827.0, 3600.0], [57826.5, 100.0], [57826.0, 9360.0], [57825.0, 20000.0], [57824.5, 510.0], [57824.0, 2120.0], [57823.0, 510.0]]","[[57841.5, 12340.0], [57842.5, 1000.0], [57850.5, 400.0], [57851.0, 760.0], [57853.0, 10.0], [57854.0, 10000.0], [57854.5, 20000.0], [57855.0, 3600.0], [57856.0, 5000.0], [57857.5, 580.0]]"
132,2021-11-20 08:56:03.012,"[[57841.0, 1000.0], [57834.0, 580.0], [57830.0, 20.0], [57827.0, 5600.0], [57826.5, 9460.0], [57825.0, 20000.0], [57824.5, 510.0], [57824.0, 2120.0], [57823.0, 510.0], [57821.0, 15970.0]]","[[57841.5, 26040.0], [57842.5, 1000.0], [57850.5, 3400.0], [57851.0, 760.0], [57853.0, 10.0], [57854.0, 10000.0], [57854.5, 20000.0], [57855.0, 3600.0], [57856.0, 5000.0], [57857.5, 580.0]]"
133,2021-11-20 08:56:03.376,"[[57841.0, 1000.0], [57834.0, 580.0], [57830.0, 20.0], [57827.0, 5600.0], [57826.5, 1980.0], [57826.0, 29360.0], [57824.5, 510.0], [57824.0, 2120.0], [57823.0, 510.0], [57821.0, 15970.0]]","[[57841.5, 12340.0], [57842.5, 1000.0], [57850.5, 3400.0], [57851.0, 760.0], [57853.0, 10.0], [57854.0, 10000.0], [57855.0, 3600.0], [57856.0, 5000.0], [57857.5, 580.0], [57859.0, 90.0]]"
134,2021-11-20 08:56:03.721,"[[57841.0, 1000.0], [57834.0, 580.0], [57831.5, 1000.0], [57830.0, 20.0], [57828.5, 3000.0], [57827.0, 3600.0], [57826.5, 1980.0], [57826.0, 29360.0], [57824.5, 510.0], [57824.0, 2120.0]]","[[57841.5, 12340.0], [57850.5, 3400.0], [57851.0, 3760.0], [57853.0, 10.0], [57854.0, 10000.0], [57855.0, 3600.0], [57856.0, 5000.0], [57857.5, 580.0], [57859.0, 20090.0], [57860.0, 2500.0]]"
135,2021-11-20 08:56:04.063,"[[57841.0, 1020.0], [57834.0, 580.0], [57831.5, 1000.0], [57830.0, 20.0], [57828.5, 3000.0], [57827.5, 100.0], [57827.0, 3600.0], [57826.5, 1880.0], [57826.0, 29360.0], [57824.5, 510.0]]","[[57841.5, 12340.0], [57843.0, 1000.0], [57847.5, 3000.0], [57850.5, 400.0], [57851.0, 760.0], [57853.0, 10.0], [57854.0, 10000.0], [57855.0, 3600.0], [57856.0, 5000.0], [57857.0, 2000.0]]"
136,2021-11-20 08:56:04.392,"[[57842.5, 3940.0], [57841.0, 1000.0], [57835.0, 20.0], [57834.0, 580.0], [57831.5, 1000.0], [57830.5, 940.0], [57830.0, 100.0], [57829.5, 20000.0], [57829.0, 50000.0], [57828.5, 3000.0]]","[[57843.0, 1000.0], [57847.5, 3000.0], [57851.0, 760.0], [57854.0, 10000.0], [57854.5, 10.0], [57855.0, 3600.0], [57856.0, 5000.0], [57857.0, 22000.0], [57857.5, 980.0], [57859.0, 90.0]]"
137,2021-11-20 08:56:04.724,"[[57842.5, 3940.0], [57835.0, 20.0], [57834.0, 580.0], [57831.5, 1000.0], [57830.5, 940.0], [57830.0, 1100.0], [57829.5, 20000.0], [57829.0, 50000.0], [57827.0, 12960.0], [57824.5, 510.0]]","[[57843.0, 1000.0], [57847.5, 3000.0], [57851.0, 760.0], [57854.0, 10000.0], [57854.5, 10.0], [57855.0, 3600.0], [57856.0, 5000.0], [57857.0, 22000.0], [57857.5, 980.0], [57859.0, 90.0]]"
138,2021-11-20 08:56:05.055,"[[57842.5, 3940.0], [57835.0, 20.0], [57834.0, 580.0], [57833.0, 1000.0], [57831.5, 1000.0], [57830.5, 940.0], [57830.0, 100.0], [57829.5, 20000.0], [57829.0, 50000.0], [57827.5, 9360.0]]","[[57843.0, 1000.0], [57847.5, 3000.0], [57851.0, 760.0], [57854.0, 10000.0], [57854.5, 10.0], [57855.0, 3600.0], [57856.0, 5000.0], [57857.0, 22000.0], [57857.5, 980.0], [57859.0, 90.0]]"
139,2021-11-20 08:56:05.382,"[[57842.5, 3940.0], [57835.0, 20.0], [57834.0, 580.0], [57833.5, 2200.0], [57833.0, 1000.0], [57831.5, 1000.0], [57830.5, 940.0], [57830.0, 100.0], [57829.5, 20000.0], [57828.0, 540.0]]","[[57843.0, 1000.0], [57847.5, 3000.0], [57851.0, 760.0], [57852.0, 3000.0], [57854.0, 10000.0], [57854.5, 10.0], [57855.0, 3600.0], [57856.0, 5000.0], [57857.0, 22000.0], [57857.5, 980.0]]"
140,2021-11-20 08:56:05.673,"[[57842.5, 4940.0], [57835.0, 20.0], [57834.0, 580.0], [57832.0, 17310.0], [57831.5, 1000.0], [57831.0, 2200.0], [57830.5, 940.0], [57830.0, 100.0], [57828.0, 540.0], [57827.5, 11360.0]]","[[57843.0, 1000.0], [57847.5, 3000.0], [57851.0, 760.0], [57852.0, 3000.0], [57854.0, 10000.0], [57854.5, 10.0], [57855.0, 3600.0], [57856.0, 5000.0], [57857.0, 22000.0], [57857.5, 980.0]]"
141,2021-11-20 08:56:06.044,"[[57842.5, 4940.0], [57835.0, 20.0], [57834.0, 580.0], [57832.5, 100.0], [57832.0, 17310.0], [57831.5, 1000.0], [57831.0, 2200.0], [57830.5, 940.0], [57829.5, 20000.0], [57828.0, 540.0]]","[[57843.0, 1000.0], [57847.5, 3000.0], [57851.0, 760.0], [57852.0, 3000.0], [57854.0, 10000.0], [57854.5, 10.0], [57855.0, 3600.0], [57856.0, 5000.0], [57857.0, 22000.0], [57857.5, 980.0]]"
142,2021-11-20 08:56:06.292,"[[57842.5, 4940.0], [57835.0, 20.0], [57834.0, 580.0], [57832.5, 100.0], [57832.0, 17310.0], [57831.5, 1000.0], [57831.0, 2200.0], [57830.5, 940.0], [57829.5, 20000.0], [57828.0, 540.0]]","[[57843.0, 1000.0], [57847.5, 3000.0], [57851.0, 760.0], [57852.0, 3000.0], [57854.0, 10000.0], [57854.5, 10.0], [57855.0, 3600.0], [57856.0, 5000.0], [57857.0, 22000.0], [57857.5, 980.0]]"
143,2021-11-20 08:56:06.673,"[[57842.5, 4940.0], [57835.0, 20.0], [57834.0, 580.0], [57832.5, 100.0], [57832.0, 17310.0], [57831.5, 1000.0], [57831.0, 2200.0], [57830.5, 940.0], [57829.5, 20000.0], [57828.0, 540.0]]","[[57843.0, 1000.0], [57847.5, 3000.0], [57851.0, 760.0], [57852.0, 3000.0], [57854.0, 10000.0], [57854.5, 10.0], [57855.0, 3600.0], [57856.0, 5000.0], [57857.0, 22000.0], [57857.5, 980.0]]"
144,2021-11-20 08:56:07.040,"[[57842.5, 4940.0], [57835.0, 20.0], [57834.0, 580.0], [57832.5, 100.0], [57832.0, 17310.0], [57831.5, 1000.0], [57831.0, 2200.0], [57830.5, 940.0], [57829.5, 20000.0], [57828.0, 540.0]]","[[57843.0, 1000.0], [57847.5, 3000.0], [57851.0, 760.0], [57852.0, 3000.0], [57854.0, 10000.0], [57854.5, 10.0], [57855.0, 3600.0], [57856.0, 5000.0], [57857.0, 22000.0], [57857.5, 980.0]]"
145,2021-11-20 08:56:07.364,"[[57842.5, 4940.0], [57835.0, 20.0], [57834.0, 580.0], [57832.5, 100.0], [57832.0, 17310.0], [57831.5, 1000.0], [57831.0, 2200.0], [57830.5, 940.0], [57830.0, 17290.0], [57828.0, 540.0]]","[[57843.0, 1000.0], [57847.5, 3000.0], [57851.0, 760.0], [57852.0, 3000.0], [57854.0, 10000.0], [57854.5, 10.0], [57855.0, 3600.0], [57856.0, 5000.0], [57857.0, 22000.0], [57857.5, 980.0]]"
146,2021-11-20 08:56:07.699,"[[57842.5, 20.0], [57834.0, 580.0], [57831.0, 2200.0], [57830.5, 100.0], [57830.0, 20.0], [57827.5, 11360.0], [57827.0, 3600.0], [57826.5, 1000.0], [57825.0, 540.0], [57824.5, 510.0]]","[[57843.0, 24050.0], [57844.0, 3000.0], [57850.5, 5000.0], [57851.0, 760.0], [57852.0, 3000.0], [57854.0, 10000.0], [57854.5, 10.0], [57855.0, 3600.0], [57857.0, 17390.0], [57857.5, 15440.0]]"
147,2021-11-20 08:56:08.022,"[[57842.5, 20.0], [57834.0, 580.0], [57830.0, 20.0], [57827.0, 3700.0], [57826.5, 1000.0], [57826.0, 9360.0], [57824.5, 510.0], [57823.5, 2000.0], [57823.0, 600.0], [57822.5, 22250.0]]","[[57843.0, 58550.0], [57844.0, 3000.0], [57850.5, 5000.0], [57851.0, 760.0], [57852.0, 3000.0], [57853.0, 2000.0], [57854.0, 10000.0], [57854.5, 20010.0], [57855.0, 3600.0], [57857.0, 15390.0]]"
148,2021-11-20 08:56:08.324,"[[57842.5, 20.0], [57834.0, 580.0], [57832.5, 1000.0], [57830.0, 20.0], [57827.0, 3600.0], [57826.5, 100.0], [57826.0, 9360.0], [57824.5, 510.0], [57823.5, 2000.0], [57823.0, 600.0]]","[[57843.0, 24050.0], [57844.0, 3000.0], [57850.5, 5000.0], [57851.0, 760.0], [57852.0, 3000.0], [57853.0, 2000.0], [57854.0, 10000.0], [57854.5, 20010.0], [57855.0, 3600.0], [57857.0, 15390.0]]"
149,2021-11-20 08:56:08.685,"[[57842.5, 20.0], [57838.0, 1000.0], [57834.0, 580.0], [57830.0, 20.0], [57827.0, 3600.0], [57826.5, 100.0], [57825.5, 9360.0], [57824.5, 510.0], [57823.5, 2000.0], [57823.0, 600.0]]","[[57843.0, 24050.0], [57844.0, 3000.0], [57850.5, 5000.0], [57851.0, 760.0], [57852.0, 3000.0], [57853.0, 2000.0], [57854.0, 27140.0], [57854.5, 20010.0], [57855.0, 3600.0], [57857.0, 15390.0]]"
150,2021-11-20 08:56:08.969,"[[57842.5, 20.0], [57841.0, 1000.0], [57834.0, 580.0], [57830.0, 20.0], [57827.0, 3600.0], [57826.0, 100.0], [57825.5, 9360.0], [57824.5, 510.0], [57823.5, 2000.0], [57823.0, 20600.0]]","[[57843.0, 24050.0], [57844.0, 3000.0], [57850.5, 5000.0], [57851.0, 760.0], [57852.0, 3000.0], [57852.5, 600.0], [57853.0, 2000.0], [57854.0, 27140.0], [57854.5, 20010.0], [57855.0, 3600.0]]"
151,2021-11-20 08:56:09.347,"[[57842.5, 20.0], [57841.0, 1000.0], [57834.0, 580.0], [57830.0, 20.0], [57827.0, 3600.0], [57826.0, 100.0], [57825.5, 9360.0], [57824.5, 510.0], [57823.5, 2000.0], [57823.0, 20600.0]]","[[57843.0, 24050.0], [57844.0, 3000.0], [57850.5, 5000.0], [57851.0, 760.0], [57852.0, 3000.0], [57852.5, 17710.0], [57853.0, 2000.0], [57854.0, 27140.0], [57854.5, 20010.0], [57855.0, 3600.0]]"
152,2021-11-20 08:56:09.562,"[[57842.5, 20.0], [57841.0, 1000.0], [57834.0, 580.0], [57830.0, 20.0], [57827.0, 3600.0], [57826.0, 100.0], [57825.5, 10360.0], [57824.5, 510.0], [57823.5, 2000.0], [57823.0, 20600.0]]","[[57843.0, 24050.0], [57844.0, 3000.0], [57850.5, 5000.0], [57851.0, 760.0], [57852.0, 3000.0], [57852.5, 17710.0], [57853.0, 2000.0], [57854.0, 27140.0], [57854.5, 20010.0], [57855.0, 3600.0]]"
153,2021-11-20 08:56:10.012,"[[57842.5, 20.0], [57841.0, 1000.0], [57834.0, 580.0], [57830.0, 20.0], [57827.0, 3600.0], [57826.0, 100.0], [57825.5, 10360.0], [57824.5, 510.0], [57823.5, 2000.0], [57823.0, 20600.0]]","[[57843.0, 24050.0], [57844.0, 3000.0], [57850.5, 5000.0], [57851.0, 760.0], [57852.0, 3000.0], [57852.5, 17710.0], [57853.0, 2000.0], [57854.0, 27140.0], [57854.5, 20010.0], [57855.0, 3600.0]]"
154,2021-11-20 08:56:10.332,"[[57842.5, 20.0], [57834.0, 580.0], [57831.5, 2250.0], [57830.0, 20.0], [57829.5, 1000.0], [57827.0, 3600.0], [57826.5, 9360.0], [57826.0, 100.0], [57825.5, 1000.0], [57824.5, 510.0]]","[[57843.0, 24050.0], [57844.0, 3000.0], [57850.5, 5000.0], [57851.0, 760.0], [57852.0, 3000.0], [57852.5, 17710.0], [57853.0, 2000.0], [57854.0, 27140.0], [57854.5, 20010.0], [57855.0, 3600.0]]"
155,2021-11-20 08:56:10.665,"[[57842.5, 20.0], [57835.5, 1000.0], [57834.0, 580.0], [57830.0, 20.0], [57829.5, 2250.0], [57826.0, 9460.0], [57825.5, 1000.0], [57824.5, 510.0], [57823.5, 2000.0], [57823.0, 20600.0]]","[[57843.0, 24050.0], [57844.0, 3000.0], [57847.5, 3600.0], [57850.5, 5000.0], [57851.0, 760.0], [57852.0, 3000.0], [57852.5, 17710.0], [57853.0, 2000.0], [57854.0, 27140.0], [57854.5, 20010.0]]"
156,2021-11-20 08:56:10.985,"[[57842.5, 20.0], [57838.5, 1000.0], [57834.0, 580.0], [57830.0, 20.0], [57829.5, 2250.0], [57825.5, 1000.0], [57825.0, 100.0], [57824.5, 510.0], [57823.5, 11360.0], [57823.0, 20600.0]]","[[57843.0, 39850.0], [57844.0, 3000.0], [57847.5, 3600.0], [57850.5, 5000.0], [57851.0, 760.0], [57852.0, 3000.0], [57852.5, 17710.0], [57853.0, 2000.0], [57854.0, 27140.0], [57854.5, 20010.0]]"
157,2021-11-20 08:56:11.329,"[[57842.5, 20.0], [57834.0, 580.0], [57830.0, 1020.0], [57826.5, 2250.0], [57824.5, 510.0], [57824.0, 9460.0], [57823.0, 510.0], [57822.5, 1000.0], [57821.0, 3600.0], [57818.5, 17350.0]]","[[57843.0, 39850.0], [57844.0, 3000.0], [57845.0, 5000.0], [57847.5, 3600.0], [57848.5, 20000.0], [57849.5, 100.0], [57851.0, 760.0], [57852.0, 3000.0], [57852.5, 17710.0], [57854.0, 27140.0]]"
158,2021-11-20 08:56:11.663,"[[57834.0, 50.0], [57823.5, 9360.0], [57821.0, 20.0], [57820.0, 100.0], [57818.0, 580.0], [57816.0, 6350.0], [57814.5, 2250.0], [57813.0, 3600.0], [57812.0, 21000.0], [57810.0, 7150.0]]","[[57834.5, 35460.0], [57835.0, 3000.0], [57838.0, 5000.0], [57840.0, 3600.0], [57843.0, 36760.0], [57843.5, 400.0], [57844.5, 90.0], [57847.0, 580.0], [57848.0, 10000.0], [57849.5, 100.0]]"
159,2021-11-20 08:56:11.983,"[[57834.0, 50.0], [57821.0, 20.0], [57818.5, 100.0], [57818.0, 10940.0], [57816.0, 6350.0], [57814.0, 2250.0], [57813.0, 3600.0], [57812.0, 20000.0], [57811.5, 1000.0], [57810.0, 7150.0]]","[[57834.5, 85260.0], [57835.0, 3000.0], [57838.0, 5000.0], [57840.0, 3600.0], [57843.0, 20960.0], [57843.5, 400.0], [57844.5, 90.0], [57847.0, 580.0], [57847.5, 9040.0], [57848.0, 10000.0]]"
160,2021-11-20 08:56:12.300,"[[57834.0, 50.0], [57821.0, 20.0], [57818.5, 9460.0], [57818.0, 1580.0], [57816.0, 6350.0], [57814.0, 2250.0], [57813.0, 3600.0], [57812.0, 20000.0], [57811.5, 1000.0], [57810.0, 7150.0]]","[[57834.5, 86020.0], [57835.0, 3000.0], [57838.0, 5000.0], [57840.0, 3600.0], [57843.0, 20200.0], [57843.5, 400.0], [57844.5, 90.0], [57847.0, 580.0], [57847.5, 9040.0], [57848.0, 10000.0]]"
161,2021-11-20 08:56:12.653,"[[57834.0, 50.0], [57829.5, 1000.0], [57821.0, 20.0], [57818.5, 100.0], [57818.0, 9940.0], [57816.0, 6350.0], [57814.0, 2250.0], [57813.0, 3600.0], [57812.0, 20000.0], [57811.5, 1000.0]]","[[57834.5, 36220.0], [57835.0, 3000.0], [57838.0, 5000.0], [57839.5, 5000.0], [57840.0, 3600.0], [57842.5, 17070.0], [57843.0, 20750.0], [57843.5, 400.0], [57844.5, 90.0], [57847.0, 580.0]]"
162,2021-11-20 08:56:12.971,"[[57834.0, 50.0], [57826.5, 1000.0], [57821.0, 20.0], [57818.5, 9460.0], [57818.0, 580.0], [57816.0, 6350.0], [57814.0, 2250.0], [57813.0, 3600.0], [57812.5, 17160.0], [57812.0, 20000.0]]","[[57834.5, 61620.0], [57835.0, 3000.0], [57838.0, 5000.0], [57839.5, 5000.0], [57840.0, 3600.0], [57842.5, 17070.0], [57843.0, 20750.0], [57843.5, 400.0], [57844.5, 90.0], [57847.0, 580.0]]"
163,2021-11-20 08:56:13.274,"[[57834.0, 50.0], [57830.0, 1000.0], [57821.0, 20.0], [57818.5, 100.0], [57818.0, 9940.0], [57816.0, 6350.0], [57814.0, 2250.0], [57813.0, 3600.0], [57812.5, 17160.0], [57812.0, 20000.0]]","[[57834.5, 36220.0], [57835.0, 3000.0], [57838.0, 5000.0], [57839.5, 2000.0], [57840.0, 3600.0], [57842.5, 17070.0], [57843.0, 20750.0], [57843.5, 400.0], [57844.5, 90.0], [57847.0, 580.0]]"
164,2021-11-20 08:56:13.629,"[[57834.0, 50.0], [57830.0, 1000.0], [57821.0, 20.0], [57818.5, 100.0], [57818.0, 9940.0], [57817.0, 1000.0], [57816.0, 6350.0], [57814.0, 22250.0], [57813.0, 3600.0], [57812.5, 17160.0]]","[[57834.5, 36220.0], [57835.0, 3000.0], [57838.0, 5000.0], [57839.5, 2000.0], [57840.0, 3600.0], [57843.0, 20750.0], [57843.5, 400.0], [57844.5, 90.0], [57847.0, 580.0], [57847.5, 9040.0]]"
165,2021-11-20 08:56:13.956,"[[57834.0, 50.0], [57828.0, 1000.0], [57821.0, 20.0], [57819.5, 9360.0], [57819.0, 1000.0], [57818.5, 100.0], [57818.0, 580.0], [57816.0, 6350.0], [57814.0, 22250.0], [57813.0, 6600.0]]","[[57834.5, 36220.0], [57835.0, 3000.0], [57838.0, 5000.0], [57840.0, 3600.0], [57843.0, 750.0], [57843.5, 400.0], [57844.5, 90.0], [57846.0, 20000.0], [57846.5, 96360.0], [57847.0, 580.0]]"
166,2021-11-20 08:56:14.300,"[[57834.0, 50.0], [57831.0, 1000.0], [57822.0, 1000.0], [57821.0, 20.0], [57820.0, 100.0], [57819.5, 9360.0], [57818.0, 580.0], [57816.0, 6350.0], [57814.0, 22250.0], [57813.0, 6600.0]]","[[57834.5, 36220.0], [57839.0, 3000.0], [57840.0, 3600.0], [57843.0, 750.0], [57843.5, 400.0], [57844.5, 90.0], [57845.0, 5000.0], [57846.0, 20000.0], [57846.5, 96360.0], [57847.0, 580.0]]"
167,2021-11-20 08:56:14.637,"[[57834.0, 50.0], [57831.0, 1000.0], [57822.0, 1000.0], [57821.0, 20.0], [57820.0, 100.0], [57819.5, 9360.0], [57818.0, 580.0], [57816.0, 8350.0], [57814.0, 22250.0], [57813.0, 6600.0]]","[[57834.5, 36220.0], [57839.0, 3000.0], [57840.0, 3600.0], [57843.0, 750.0], [57843.5, 400.0], [57844.5, 90.0], [57845.0, 5000.0], [57846.0, 20000.0], [57846.5, 96360.0], [57847.0, 580.0]]"
168,2021-11-20 08:56:14.877,"[[57834.0, 50.0], [57831.0, 1000.0], [57822.0, 1000.0], [57821.0, 20.0], [57820.0, 100.0], [57819.5, 9360.0], [57818.0, 580.0], [57816.0, 8350.0], [57814.0, 22250.0], [57813.0, 6600.0]]","[[57834.5, 36220.0], [57839.0, 3000.0], [57840.0, 3600.0], [57843.0, 750.0], [57843.5, 400.0], [57844.5, 90.0], [57845.0, 5000.0], [57846.0, 20000.0], [57846.5, 96360.0], [57847.0, 580.0]]"
169,2021-11-20 08:56:15.302,"[[57834.0, 1050.0], [57825.5, 1000.0], [57824.0, 20.0], [57822.0, 20000.0], [57820.0, 3100.0], [57819.5, 9360.0], [57818.0, 580.0], [57816.0, 6350.0], [57814.5, 15970.0], [57814.0, 2250.0]]","[[57834.5, 29580.0], [57839.0, 3000.0], [57840.0, 3600.0], [57843.0, 200.0], [57844.5, 90.0], [57845.0, 5000.0], [57846.5, 96360.0], [57847.0, 580.0], [57847.5, 9040.0], [57848.0, 400.0]]"
170,2021-11-20 08:56:15.630,"[[57834.0, 2540.0], [57824.0, 20.0], [57823.0, 1000.0], [57820.0, 3100.0], [57819.5, 9360.0], [57818.0, 580.0], [57817.5, 20000.0], [57816.0, 6350.0], [57814.5, 15970.0], [57814.0, 2250.0]]","[[57834.5, 29580.0], [57839.0, 3000.0], [57840.0, 3600.0], [57841.0, 760.0], [57843.0, 200.0], [57844.0, 18560.0], [57844.5, 90.0], [57845.0, 5000.0], [57846.5, 96360.0], [57847.5, 9040.0]]"
171,2021-11-20 08:56:15.941,"[[57834.0, 2540.0], [57826.5, 580.0], [57825.0, 1000.0], [57824.0, 20.0], [57820.0, 12460.0], [57817.5, 20000.0], [57816.0, 6350.0], [57814.5, 15970.0], [57814.0, 2250.0], [57813.5, 570.0]]","[[57834.5, 29580.0], [57839.0, 3000.0], [57840.0, 3600.0], [57841.0, 760.0], [57843.0, 200.0], [57844.0, 18560.0], [57844.5, 90.0], [57845.0, 5000.0], [57846.5, 96360.0], [57847.5, 9040.0]]"
172,2021-11-20 08:56:16.227,"[[57834.0, 2540.0], [57826.5, 580.0], [57825.0, 1000.0], [57824.0, 20.0], [57820.0, 14460.0], [57817.5, 20000.0], [57816.5, 16960.0], [57816.0, 6350.0], [57814.5, 15970.0], [57814.0, 2250.0]]","[[57834.5, 29580.0], [57839.0, 3000.0], [57840.0, 3600.0], [57841.0, 760.0], [57843.0, 200.0], [57844.0, 18560.0], [57844.5, 90.0], [57845.0, 5000.0], [57846.5, 96360.0], [57847.0, 16090.0]]"
173,2021-11-20 08:56:16.620,"[[57834.0, 2540.0], [57826.5, 580.0], [57825.0, 1000.0], [57824.0, 20.0], [57823.0, 2040.0], [57820.5, 16020.0], [57820.0, 14460.0], [57817.5, 20000.0], [57816.5, 16960.0], [57816.0, 6350.0]]","[[57834.5, 29580.0], [57839.0, 3000.0], [57840.0, 3600.0], [57841.0, 760.0], [57843.0, 200.0], [57844.0, 18560.0], [57844.5, 90.0], [57845.0, 5000.0], [57846.5, 96360.0], [57847.0, 16090.0]]"
174,2021-11-20 08:56:16.939,"[[57834.0, 2540.0], [57826.5, 580.0], [57825.0, 1000.0], [57824.5, 510.0], [57824.0, 20.0], [57823.0, 2040.0], [57821.0, 100.0], [57820.5, 16020.0], [57820.0, 14360.0], [57819.5, 1880.0]]","[[57834.5, 23850.0], [57839.0, 3000.0], [57840.0, 3600.0], [57843.0, 200.0], [57844.0, 18560.0], [57844.5, 90.0], [57845.0, 5000.0], [57846.5, 96360.0], [57847.5, 9040.0], [57848.0, 400.0]]"
175,2021-11-20 08:56:17.276,"[[57834.0, 2540.0], [57826.5, 580.0], [57825.0, 1000.0], [57824.5, 510.0], [57824.0, 9380.0], [57823.0, 2040.0], [57821.0, 100.0], [57820.5, 16020.0], [57820.0, 5000.0], [57819.5, 1880.0]]","[[57834.5, 23850.0], [57839.0, 3000.0], [57840.0, 3600.0], [57843.0, 200.0], [57844.0, 18560.0], [57844.5, 90.0], [57845.0, 5000.0], [57847.5, 9040.0], [57848.0, 1160.0], [57848.5, 2000.0]]"
176,2021-11-20 08:56:17.606,"[[57834.0, 8420.0], [57828.5, 20.0], [57826.5, 580.0], [57825.5, 100.0], [57825.0, 1000.0], [57824.5, 510.0], [57823.0, 2550.0], [57820.5, 16020.0], [57820.0, 14360.0], [57819.5, 1880.0]]","[[57834.5, 15770.0], [57839.0, 3000.0], [57840.0, 3600.0], [57843.0, 200.0], [57844.0, 18560.0], [57844.5, 90.0], [57845.0, 5000.0], [57847.5, 9040.0], [57848.0, 1160.0], [57848.5, 2000.0]]"
177,2021-11-20 08:56:17.922,"[[57834.0, 8420.0], [57828.5, 20.0], [57826.5, 580.0], [57825.5, 100.0], [57825.0, 1000.0], [57824.5, 510.0], [57823.0, 2550.0], [57820.5, 16020.0], [57820.0, 14360.0], [57819.5, 1880.0]]","[[57834.5, 15770.0], [57839.0, 3000.0], [57843.0, 200.0], [57844.0, 18560.0], [57844.5, 3690.0], [57845.0, 5000.0], [57847.5, 9040.0], [57848.0, 1160.0], [57848.5, 2000.0], [57849.5, 100.0]]"
178,2021-11-20 08:56:18.261,"[[57834.0, 8420.0], [57828.5, 20.0], [57826.5, 580.0], [57825.5, 100.0], [57825.0, 1000.0], [57824.5, 510.0], [57823.5, 9360.0], [57823.0, 2550.0], [57820.5, 16020.0], [57820.0, 5000.0]]","[[57834.5, 15770.0], [57839.0, 3000.0], [57843.0, 200.0], [57844.0, 18560.0], [57844.5, 3690.0], [57845.0, 25000.0], [57847.5, 9040.0], [57848.0, 1160.0], [57848.5, 2000.0], [57849.5, 100.0]]"
179,2021-11-20 08:56:18.598,"[[57834.0, 8420.0], [57828.5, 20.0], [57826.5, 580.0], [57825.5, 100.0], [57825.0, 1000.0], [57824.5, 510.0], [57823.5, 9360.0], [57823.0, 2550.0], [57820.5, 16020.0], [57820.0, 5000.0]]","[[57834.5, 15770.0], [57839.0, 3000.0], [57843.0, 200.0], [57844.0, 18560.0], [57844.5, 3690.0], [57845.0, 5000.0], [57847.5, 9040.0], [57848.0, 1160.0], [57848.5, 2000.0], [57849.5, 100.0]]"
180,2021-11-20 08:56:18.849,"[[57834.0, 8420.0], [57828.5, 20.0], [57826.5, 580.0], [57825.5, 100.0], [57825.0, 1000.0], [57824.5, 510.0], [57823.5, 9360.0], [57823.0, 2550.0], [57820.5, 16020.0], [57820.0, 5000.0]]","[[57834.5, 15770.0], [57839.0, 3000.0], [57843.0, 200.0], [57844.0, 18560.0], [57844.5, 3690.0], [57845.0, 5000.0], [57846.0, 20000.0], [57847.5, 9040.0], [57848.0, 1160.0], [57848.5, 2000.0]]"
181,2021-11-20 08:56:19.172,"[[57834.0, 8420.0], [57828.5, 20.0], [57826.5, 580.0], [57825.5, 100.0], [57825.0, 1000.0], [57824.5, 510.0], [57823.5, 9360.0], [57823.0, 2550.0], [57820.5, 16020.0], [57820.0, 5000.0]]","[[57834.5, 15770.0], [57839.0, 3000.0], [57843.0, 200.0], [57844.0, 18560.0], [57844.5, 3690.0], [57845.0, 5000.0], [57847.5, 9040.0], [57848.0, 1160.0], [57848.5, 2000.0], [57849.5, 100.0]]"
182,2021-11-20 08:56:19.577,"[[57834.0, 8420.0], [57828.5, 20.0], [57826.5, 580.0], [57825.5, 100.0], [57825.0, 1000.0], [57824.5, 510.0], [57823.5, 9360.0], [57823.0, 2550.0], [57820.5, 16020.0], [57820.0, 5000.0]]","[[57834.5, 15770.0], [57839.0, 3000.0], [57843.0, 200.0], [57844.0, 18560.0], [57844.5, 3690.0], [57845.0, 5000.0], [57847.5, 9040.0], [57848.0, 21160.0], [57848.5, 2000.0], [57849.5, 100.0]]"
183,2021-11-20 08:56:19.904,"[[57834.0, 8420.0], [57828.5, 20.0], [57826.5, 580.0], [57825.5, 100.0], [57825.0, 1000.0], [57824.5, 510.0], [57823.5, 9360.0], [57823.0, 2550.0], [57820.5, 16020.0], [57820.0, 3000.0]]","[[57834.5, 15770.0], [57839.0, 3000.0], [57843.0, 200.0], [57844.0, 18560.0], [57844.5, 3690.0], [57845.0, 5000.0], [57847.5, 9040.0], [57848.0, 21160.0], [57848.5, 2000.0], [57849.5, 100.0]]"
184,2021-11-20 08:56:20.124,"[[57834.0, 8420.0], [57828.5, 20.0], [57826.5, 580.0], [57825.5, 100.0], [57825.0, 1000.0], [57824.5, 510.0], [57823.5, 11360.0], [57823.0, 2550.0], [57820.5, 16020.0], [57820.0, 3000.0]]","[[57834.5, 15770.0], [57839.0, 3000.0], [57843.0, 200.0], [57844.0, 18560.0], [57844.5, 3690.0], [57845.0, 5000.0], [57847.5, 9040.0], [57848.0, 21160.0], [57848.5, 2000.0], [57849.5, 100.0]]"
185,2021-11-20 08:56:20.588,"[[57834.0, 8420.0], [57828.5, 20.0], [57826.5, 1580.0], [57825.5, 100.0], [57824.5, 510.0], [57824.0, 9360.0], [57823.5, 2000.0], [57823.0, 2550.0], [57820.5, 66020.0], [57820.0, 3000.0]]","[[57834.5, 1000.0], [57839.0, 3000.0], [57843.0, 200.0], [57844.5, 3690.0], [57845.0, 5000.0], [57847.5, 9040.0], [57848.0, 20760.0], [57848.5, 2000.0], [57851.5, 580.0], [57852.0, 8720.0]]"
186,2021-11-20 08:56:20.920,"[[57838.5, 5450.0], [57837.0, 1000.0], [57832.0, 580.0], [57830.5, 120.0], [57830.0, 6110.0], [57825.0, 9360.0], [57824.5, 510.0], [57823.5, 3000.0], [57823.0, 510.0], [57822.5, 2070.0]]","[[57839.0, 1000.0], [57843.0, 200.0], [57843.5, 3000.0], [57844.5, 3600.0], [57847.5, 9040.0], [57848.0, 760.0], [57851.0, 25000.0], [57852.0, 21340.0], [57852.5, 95800.0], [57853.0, 2000.0]]"
187,2021-11-20 08:56:21.244,"[[57838.5, 5450.0], [57837.0, 1000.0], [57832.0, 580.0], [57830.5, 120.0], [57830.0, 6110.0], [57828.0, 9360.0], [57827.0, 2000.0], [57824.5, 510.0], [57824.0, 16440.0], [57823.5, 3560.0]]","[[57839.0, 1000.0], [57843.0, 200.0], [57843.5, 3000.0], [57844.5, 3600.0], [57847.5, 9040.0], [57848.0, 760.0], [57851.0, 25000.0], [57852.0, 21340.0], [57852.5, 95800.0], [57853.0, 2000.0]]"
188,2021-11-20 08:56:21.583,"[[57838.5, 5450.0], [57837.0, 1000.0], [57832.0, 580.0], [57830.5, 120.0], [57830.0, 6110.0], [57829.0, 9360.0], [57827.0, 2000.0], [57825.0, 50000.0], [57824.5, 510.0], [57824.0, 16440.0]]","[[57839.0, 1000.0], [57843.0, 200.0], [57843.5, 3000.0], [57844.5, 3600.0], [57847.5, 9040.0], [57848.0, 760.0], [57851.0, 25000.0], [57852.0, 21340.0], [57852.5, 95800.0], [57853.0, 2000.0]]"
189,2021-11-20 08:56:21.896,"[[57842.5, 5450.0], [57839.5, 1000.0], [57833.5, 1020.0], [57832.0, 580.0], [57831.5, 2030.0], [57829.0, 100.0], [57828.5, 9360.0], [57827.0, 3000.0], [57825.5, 15870.0], [57824.5, 510.0]]","[[57843.0, 1200.0], [57844.5, 3600.0], [57847.5, 9040.0], [57848.0, 3760.0], [57851.0, 25000.0], [57852.0, 21340.0], [57852.5, 95800.0], [57853.5, 400.0], [57854.0, 10000.0], [57856.0, 580.0]]"
190,2021-11-20 08:56:22.242,"[[57842.5, 5450.0], [57839.5, 1000.0], [57833.5, 1020.0], [57831.5, 2030.0], [57831.0, 2000.0], [57829.0, 100.0], [57828.5, 9360.0], [57827.0, 3000.0], [57825.5, 15870.0], [57824.5, 510.0]]","[[57843.0, 1200.0], [57844.5, 3600.0], [57847.5, 9040.0], [57848.0, 3760.0], [57851.0, 25000.0], [57852.0, 21340.0], [57852.5, 95800.0], [57854.0, 10000.0], [57856.0, 580.0], [57856.5, 2000.0]]"
191,2021-11-20 08:56:22.573,"[[57842.5, 6450.0], [57833.5, 1600.0], [57832.0, 900.0], [57831.5, 2130.0], [57831.0, 2000.0], [57829.5, 9360.0], [57828.5, 1880.0], [57828.0, 50000.0], [57827.0, 3000.0], [57825.5, 15870.0]]","[[57843.0, 1200.0], [57844.5, 3600.0], [57847.5, 9040.0], [57848.0, 3760.0], [57851.0, 25000.0], [57852.0, 18340.0], [57852.5, 95800.0], [57854.0, 13000.0], [57856.0, 580.0], [57856.5, 2000.0]]"
192,2021-11-20 08:56:22.899,"[[57842.5, 6450.0], [57835.5, 1000.0], [57835.0, 20.0], [57834.0, 580.0], [57832.0, 1000.0], [57831.5, 2030.0], [57831.0, 2000.0], [57830.5, 3000.0], [57830.0, 59360.0], [57826.0, 3600.0]]","[[57843.0, 200.0], [57845.0, 1000.0], [57852.0, 21340.0], [57852.5, 95800.0], [57853.0, 3600.0], [57854.0, 10000.0], [57854.5, 20760.0], [57856.5, 5000.0], [57857.0, 15390.0], [57858.0, 400.0]]"
193,2021-11-20 08:56:23.225,"[[57842.5, 6450.0], [57835.5, 1000.0], [57835.0, 20.0], [57834.0, 580.0], [57832.0, 1000.0], [57831.5, 11390.0], [57831.0, 2000.0], [57830.5, 3000.0], [57830.0, 50000.0], [57828.0, 90.0]]","[[57843.0, 200.0], [57845.0, 1000.0], [57852.0, 21340.0], [57853.0, 3600.0], [57854.0, 10000.0], [57854.5, 20760.0], [57856.5, 5000.0], [57857.0, 15390.0], [57858.0, 400.0], [57858.5, 35090.0]]"
194,2021-11-20 08:56:23.563,"[[57842.5, 6450.0], [57837.5, 1000.0], [57835.0, 20.0], [57834.0, 580.0], [57832.0, 1000.0], [57831.5, 9360.0], [57831.0, 2000.0], [57830.5, 53000.0], [57829.5, 2030.0], [57828.0, 90.0]]","[[57843.0, 200.0], [57847.0, 1000.0], [57852.0, 21340.0], [57853.0, 3600.0], [57854.0, 10000.0], [57854.5, 20760.0], [57856.5, 5000.0], [57857.0, 15390.0], [57858.0, 400.0], [57858.5, 35090.0]]"
195,2021-11-20 08:56:23.893,"[[57842.5, 6450.0], [57837.5, 1000.0], [57835.0, 2120.0], [57834.5, 15980.0], [57834.0, 580.0], [57832.0, 900.0], [57831.5, 9360.0], [57830.5, 53000.0], [57829.5, 2030.0], [57828.5, 560.0]]","[[57843.0, 200.0], [57847.0, 1000.0], [57852.0, 21340.0], [57853.0, 3600.0], [57854.0, 10000.0], [57854.5, 20760.0], [57856.5, 5000.0], [57857.0, 15390.0], [57858.0, 400.0], [57858.5, 9090.0]]"
196,2021-11-20 08:56:24.187,"[[57842.5, 6450.0], [57837.5, 1000.0], [57835.0, 2120.0], [57834.5, 15980.0], [57834.0, 580.0], [57833.0, 9360.0], [57832.0, 900.0], [57830.5, 53000.0], [57829.5, 2030.0], [57828.5, 560.0]]","[[57843.0, 200.0], [57847.0, 1000.0], [57852.0, 21340.0], [57853.0, 3600.0], [57854.0, 10000.0], [57854.5, 20760.0], [57856.5, 5000.0], [57857.0, 15390.0], [57858.0, 400.0], [57858.5, 9090.0]]"
197,2021-11-20 08:56:24.555,"[[57842.5, 6450.0], [57837.5, 1000.0], [57835.0, 2120.0], [57834.5, 15980.0], [57834.0, 580.0], [57833.0, 9360.0], [57832.0, 900.0], [57830.5, 53000.0], [57829.5, 2030.0], [57828.5, 560.0]]","[[57843.0, 200.0], [57847.0, 1000.0], [57852.0, 21340.0], [57853.0, 3600.0], [57854.0, 10000.0], [57854.5, 20760.0], [57856.0, 3000.0], [57856.5, 5000.0], [57857.0, 15390.0], [57858.0, 400.0]]"
198,2021-11-20 08:56:24.885,"[[57842.5, 6450.0], [57837.5, 1000.0], [57835.0, 2120.0], [57834.5, 15980.0], [57834.0, 9940.0], [57832.0, 900.0], [57830.5, 53000.0], [57829.5, 2030.0], [57828.5, 560.0], [57828.0, 90.0]]","[[57843.0, 200.0], [57847.0, 1000.0], [57852.0, 21340.0], [57853.0, 3600.0], [57854.0, 10000.0], [57854.5, 20760.0], [57856.0, 3000.0], [57856.5, 5000.0], [57857.0, 15390.0], [57858.0, 400.0]]"
199,2021-11-20 08:56:25.196,"[[57842.5, 6450.0], [57837.5, 1000.0], [57835.0, 2120.0], [57834.5, 15980.0], [57834.0, 580.0], [57833.5, 9360.0], [57832.0, 900.0], [57830.5, 53000.0], [57829.5, 2030.0], [57828.5, 560.0]]","[[57843.0, 200.0], [57847.0, 1000.0], [57852.0, 21340.0], [57853.0, 3600.0], [57854.0, 10000.0], [57854.5, 20760.0], [57856.0, 3000.0], [57856.5, 5000.0], [57857.0, 15390.0], [57858.0, 400.0]]"
200,2021-11-20 08:56:25.537,"[[57842.5, 6450.0], [57837.5, 1000.0], [57835.0, 2120.0], [57834.5, 15980.0], [57834.0, 580.0], [57833.5, 9360.0], [57832.0, 900.0], [57830.5, 53000.0], [57829.5, 2030.0], [57828.5, 560.0]]","[[57843.0, 200.0], [57847.0, 1000.0], [57852.0, 21340.0], [57853.0, 3600.0], [57854.0, 10000.0], [57854.5, 20760.0], [57856.0, 3000.0], [57856.5, 5000.0], [57857.0, 15390.0], [57858.0, 400.0]]"
201,2021-11-20 08:56:25.869,"[[57842.5, 6450.0], [57837.5, 1000.0], [57835.0, 2120.0], [57834.5, 15980.0], [57834.0, 580.0], [57833.5, 9360.0], [57832.0, 900.0], [57830.5, 53000.0], [57829.5, 2030.0], [57828.5, 560.0]]","[[57843.0, 200.0], [57847.0, 1000.0], [57852.0, 21340.0], [57853.0, 3600.0], [57854.0, 10000.0], [57854.5, 20760.0], [57856.0, 3000.0], [57856.5, 5000.0], [57857.0, 15390.0], [57858.0, 400.0]]"
202,2021-11-20 08:56:26.191,"[[57842.5, 6450.0], [57837.5, 1000.0], [57835.0, 2120.0], [57834.5, 15980.0], [57834.0, 580.0], [57833.5, 9360.0], [57832.0, 900.0], [57830.5, 53000.0], [57829.5, 2030.0], [57828.5, 560.0]]","[[57843.0, 200.0], [57847.0, 1000.0], [57852.0, 21340.0], [57853.0, 3600.0], [57854.0, 10000.0], [57854.5, 20760.0], [57856.0, 3000.0], [57856.5, 5000.0], [57857.0, 15390.0], [57858.0, 400.0]]"
203,2021-11-20 08:56:26.525,"[[57842.5, 6450.0], [57837.5, 1000.0], [57835.0, 2120.0], [57834.5, 15980.0], [57834.0, 580.0], [57833.5, 9360.0], [57832.0, 900.0], [57830.5, 53000.0], [57829.5, 2030.0], [57828.5, 560.0]]","[[57843.0, 200.0], [57847.0, 1000.0], [57852.0, 21340.0], [57853.0, 3600.0], [57854.0, 10000.0], [57854.5, 20760.0], [57856.0, 3000.0], [57856.5, 5000.0], [57857.0, 15390.0], [57858.0, 400.0]]"
204,2021-11-20 08:56:26.862,"[[57842.5, 6450.0], [57837.5, 1000.0], [57835.0, 2120.0], [57834.5, 15980.0], [57834.0, 580.0], [57833.5, 9360.0], [57832.0, 900.0], [57830.5, 3000.0], [57830.0, 50000.0], [57829.5, 2030.0]]","[[57843.0, 200.0], [57845.5, 1000.0], [57852.0, 21340.0], [57853.0, 3600.0], [57854.0, 10000.0], [57854.5, 20760.0], [57856.0, 3000.0], [57856.5, 5000.0], [57857.0, 15390.0], [57858.0, 400.0]]"
205,2021-11-20 08:56:27.197,"[[57842.5, 6450.0], [57837.5, 1000.0], [57835.0, 2120.0], [57834.5, 15980.0], [57834.0, 580.0], [57833.5, 9360.0], [57832.0, 900.0], [57830.5, 3000.0], [57830.0, 50000.0], [57829.5, 2030.0]]","[[57843.0, 200.0], [57845.5, 1000.0], [57852.0, 21340.0], [57853.0, 3600.0], [57854.0, 10000.0], [57854.5, 20760.0], [57856.0, 3000.0], [57856.5, 5000.0], [57857.0, 15390.0], [57858.0, 400.0]]"
206,2021-11-20 08:56:27.479,"[[57842.5, 6450.0], [57837.5, 1000.0], [57835.0, 2120.0], [57834.5, 15980.0], [57834.0, 580.0], [57833.5, 9360.0], [57832.0, 900.0], [57830.5, 3000.0], [57830.0, 50000.0], [57829.5, 2030.0]]","[[57843.0, 200.0], [57845.5, 1000.0], [57852.0, 21340.0], [57853.0, 3600.0], [57854.0, 10000.0], [57854.5, 20760.0], [57856.0, 3000.0], [57856.5, 5000.0], [57857.0, 15390.0], [57858.0, 400.0]]"
207,2021-11-20 08:56:27.833,"[[57842.5, 6450.0], [57837.5, 1000.0], [57835.0, 2120.0], [57834.5, 15980.0], [57834.0, 580.0], [57833.5, 9360.0], [57832.0, 900.0], [57830.5, 3000.0], [57829.5, 52030.0], [57828.5, 560.0]]","[[57843.0, 200.0], [57844.0, 1000.0], [57852.0, 21340.0], [57853.0, 3600.0], [57854.0, 10000.0], [57854.5, 20760.0], [57856.0, 3000.0], [57856.5, 5000.0], [57857.0, 15390.0], [57858.0, 400.0]]"
208,2021-11-20 08:56:28.171,"[[57842.5, 6450.0], [57837.5, 1000.0], [57835.0, 2120.0], [57834.5, 15980.0], [57834.0, 580.0], [57833.5, 9360.0], [57832.0, 900.0], [57830.5, 3000.0], [57829.5, 52030.0], [57828.5, 560.0]]","[[57843.0, 200.0], [57844.0, 1000.0], [57852.0, 21340.0], [57853.0, 3600.0], [57854.0, 10000.0], [57854.5, 20760.0], [57856.0, 3000.0], [57856.5, 5000.0], [57857.0, 15390.0], [57858.0, 400.0]]"
209,2021-11-20 08:56:28.437,"[[57842.5, 6450.0], [57837.5, 1000.0], [57835.0, 2120.0], [57834.5, 15980.0], [57834.0, 580.0], [57833.5, 9360.0], [57832.0, 900.0], [57830.5, 3000.0], [57829.5, 52030.0], [57828.5, 560.0]]","[[57843.0, 200.0], [57844.0, 1000.0], [57852.0, 21340.0], [57853.0, 3600.0], [57854.0, 10000.0], [57854.5, 20760.0], [57856.0, 3000.0], [57856.5, 5000.0], [57857.0, 15390.0], [57858.0, 400.0]]"
210,2021-11-20 08:56:28.706,"[[57842.5, 6450.0], [57837.5, 1000.0], [57835.0, 2120.0], [57834.5, 15980.0], [57834.0, 580.0], [57833.5, 9360.0], [57832.0, 900.0], [57830.5, 3000.0], [57829.5, 52030.0], [57828.5, 560.0]]","[[57843.0, 200.0], [57844.0, 1000.0], [57852.0, 21340.0], [57853.0, 3600.0], [57854.0, 10000.0], [57854.5, 20760.0], [57856.0, 3000.0], [57856.5, 5000.0], [57857.0, 15390.0], [57858.0, 400.0]]"
211,2021-11-20 08:56:28.944,"[[57842.5, 6450.0], [57837.5, 1000.0], [57835.0, 2120.0], [57834.5, 15980.0], [57834.0, 580.0], [57833.5, 9360.0], [57832.0, 900.0], [57830.5, 3000.0], [57829.5, 52030.0], [57828.5, 560.0]]","[[57843.0, 200.0], [57844.0, 1000.0], [57852.0, 21340.0], [57853.0, 3600.0], [57854.0, 10000.0], [57854.5, 20760.0], [57856.0, 3000.0], [57856.5, 5000.0], [57857.0, 15390.0], [57858.0, 400.0]]"
212,2021-11-20 08:56:29.493,"[[57842.5, 6450.0], [57837.5, 1000.0], [57835.0, 2120.0], [57834.5, 15980.0], [57834.0, 580.0], [57833.5, 9360.0], [57832.0, 900.0], [57830.5, 3000.0], [57829.5, 52030.0], [57828.5, 560.0]]","[[57843.0, 200.0], [57844.0, 1000.0], [57852.0, 21340.0], [57853.0, 3600.0], [57854.0, 10000.0], [57854.5, 20760.0], [57856.0, 3000.0], [57856.5, 5000.0], [57857.0, 15390.0], [57858.0, 400.0]]"
213,2021-11-20 08:56:29.838,"[[57842.5, 6450.0], [57837.5, 1000.0], [57835.0, 120.0], [57834.5, 15980.0], [57834.0, 580.0], [57833.5, 9360.0], [57832.0, 900.0], [57830.5, 3000.0], [57830.0, 50000.0], [57829.5, 2030.0]]","[[57843.0, 200.0], [57844.0, 1000.0], [57847.0, 3000.0], [57853.0, 3600.0], [57854.0, 10000.0], [57854.5, 20760.0], [57856.0, 3000.0], [57856.5, 5000.0], [57857.0, 15390.0], [57858.0, 400.0]]"
214,2021-11-20 08:56:30.165,"[[57842.5, 6450.0], [57837.5, 1000.0], [57835.0, 120.0], [57834.5, 15980.0], [57834.0, 580.0], [57833.5, 9360.0], [57832.0, 900.0], [57830.5, 3000.0], [57829.0, 1880.0], [57828.5, 50560.0]]","[[57843.0, 200.0], [57844.0, 1000.0], [57847.0, 3000.0], [57852.5, 2000.0], [57853.0, 3600.0], [57854.0, 10000.0], [57854.5, 20760.0], [57856.0, 3000.0], [57856.5, 5000.0], [57857.0, 15390.0]]"
215,2021-11-20 08:56:30.370,"[[57842.5, 6450.0], [57837.5, 1000.0], [57835.0, 120.0], [57834.5, 15980.0], [57834.0, 580.0], [57833.5, 9360.0], [57832.0, 900.0], [57830.5, 3000.0], [57829.0, 1880.0], [57828.5, 50560.0]]","[[57843.0, 200.0], [57844.0, 1000.0], [57847.0, 3000.0], [57852.5, 2000.0], [57853.0, 3600.0], [57854.0, 10000.0], [57854.5, 20760.0], [57856.0, 3000.0], [57856.5, 5000.0], [57857.0, 15390.0]]"
216,2021-11-20 08:56:30.809,"[[57855.5, 3920.0], [57854.0, 11170.0], [57852.0, 580.0], [57847.0, 84620.0], [57846.5, 510.0], [57845.5, 510.0], [57842.5, 103630.0], [57842.0, 100.0], [57841.5, 3600.0], [57839.5, 51000.0]]","[[57856.0, 3000.0], [57856.5, 5000.0], [57857.5, 20000.0], [57858.5, 9090.0], [57862.5, 10.0], [57863.0, 400.0], [57864.0, 97210.0], [57865.0, 2000.0], [57866.0, 10000.0], [57867.5, 15960.0]]"
217,2021-11-20 08:56:31.159,"[[57863.0, 3920.0], [57857.5, 50.0], [57854.0, 7250.0], [57852.5, 20.0], [57852.0, 2010.0], [57847.5, 1880.0], [57847.0, 84600.0], [57846.5, 3520.0], [57845.5, 510.0], [57842.5, 102250.0]]","[[57863.5, 112350.0], [57864.0, 97210.0], [57865.5, 20000.0], [57866.0, 10760.0], [57868.0, 15370.0], [57868.5, 400.0], [57869.5, 3000.0], [57872.0, 580.0], [57874.0, 2500.0], [57875.5, 9190.0]]"
218,2021-11-20 08:56:31.468,"[[57863.0, 3970.0], [57855.5, 1420.0], [57854.5, 20.0], [57854.0, 7250.0], [57851.5, 1590.0], [57849.0, 3600.0], [57847.5, 1880.0], [57847.0, 84600.0], [57846.5, 3610.0], [57845.5, 510.0]]","[[57863.5, 11550.0], [57865.5, 20000.0], [57866.0, 10760.0], [57868.0, 11770.0], [57869.5, 3000.0], [57872.5, 9090.0], [57873.0, 400.0], [57873.5, 19200.0], [57874.0, 2500.0], [57875.5, 9190.0]]"
219,2021-11-20 08:56:31.814,"[[57863.0, 3970.0], [57859.5, 1000.0], [57857.5, 1420.0], [57854.5, 20.0], [57854.0, 6250.0], [57851.5, 590.0], [57849.0, 3600.0], [57848.5, 1000.0], [57847.0, 100.0], [57846.5, 510.0]]","[[57863.5, 71550.0], [57864.0, 3000.0], [57865.0, 5000.0], [57865.5, 20000.0], [57866.0, 760.0], [57868.0, 11770.0], [57869.0, 10000.0], [57869.5, 3000.0], [57872.5, 9090.0], [57873.0, 400.0]]"
220,2021-11-20 08:56:32.132,"[[57863.0, 6380.0], [57854.5, 20.0], [57854.0, 6830.0], [57852.5, 1000.0], [57851.5, 10.0], [57849.0, 3600.0], [57847.0, 100.0], [57846.5, 17480.0], [57846.0, 3000.0], [57845.5, 510.0]]","[[57863.5, 10550.0], [57864.0, 3000.0], [57865.0, 5000.0], [57866.0, 760.0], [57868.0, 11770.0], [57869.5, 3000.0], [57872.5, 9090.0], [57873.0, 20400.0], [57873.5, 19200.0], [57875.5, 10090.0]]"
221,2021-11-20 08:56:32.438,"[[57863.0, 6380.0], [57854.5, 20.0], [57854.0, 6830.0], [57851.5, 10.0], [57850.5, 100.0], [57849.0, 3600.0], [57848.0, 9360.0], [57846.5, 17480.0], [57846.0, 3000.0], [57845.5, 510.0]]","[[57863.5, 10550.0], [57864.0, 3000.0], [57867.5, 2000.0], [57868.0, 11770.0], [57871.0, 5000.0], [57872.5, 9090.0], [57873.0, 20000.0], [57873.5, 18400.0], [57875.5, 10090.0], [57876.0, 30100.0]]"
222,2021-11-20 08:56:32.814,"[[57863.0, 6380.0], [57854.5, 20.0], [57854.0, 7830.0], [57851.5, 10.0], [57850.5, 100.0], [57849.0, 3600.0], [57848.5, 1880.0], [57848.0, 59360.0], [57847.0, 15960.0], [57846.5, 19480.0]]","[[57863.5, 10550.0], [57867.5, 2000.0], [57868.0, 11770.0], [57871.0, 5000.0], [57872.5, 9090.0], [57873.0, 20000.0], [57873.5, 19160.0], [57875.5, 10090.0], [57876.0, 20100.0], [57876.5, 14460.0]]"
223,2021-11-20 08:56:33.139,"[[57863.0, 6380.0], [57858.0, 1000.0], [57855.5, 580.0], [57854.5, 20.0], [57854.0, 6250.0], [57851.5, 10.0], [57850.5, 3100.0], [57849.0, 3600.0], [57848.5, 1880.0], [57848.0, 59360.0]]","[[57863.5, 9550.0], [57868.0, 11770.0], [57869.0, 1000.0], [57872.0, 3000.0], [57872.5, 9090.0], [57873.5, 19160.0], [57875.5, 10090.0], [57876.0, 20100.0], [57876.5, 14460.0], [57877.0, 25000.0]]"
224,2021-11-20 08:56:33.416,"[[57863.0, 6380.0], [57858.0, 1000.0], [57855.5, 580.0], [57854.5, 20.0], [57854.0, 6250.0], [57853.0, 100.0], [57851.5, 10.0], [57850.5, 3000.0], [57849.0, 5600.0], [57848.5, 1880.0]]","[[57863.5, 9550.0], [57867.0, 1000.0], [57868.0, 11770.0], [57872.0, 3000.0], [57872.5, 9090.0], [57873.5, 19160.0], [57875.5, 10090.0], [57876.0, 20100.0], [57876.5, 14460.0], [57877.0, 25000.0]]"
225,2021-11-20 08:56:33.799,"[[57863.0, 6380.0], [57858.0, 1000.0], [57856.0, 3600.0], [57855.5, 580.0], [57854.5, 20.0], [57854.0, 6250.0], [57853.0, 100.0], [57851.5, 10.0], [57850.5, 3000.0], [57849.0, 2000.0]]","[[57863.5, 9550.0], [57868.0, 11770.0], [57869.5, 1000.0], [57872.0, 3000.0], [57872.5, 9090.0], [57873.5, 19160.0], [57875.5, 90.0], [57876.0, 16500.0], [57877.0, 25000.0], [57878.5, 800.0]]"
226,2021-11-20 08:56:34.130,"[[57867.5, 6350.0], [57863.0, 600.0], [57857.5, 2000.0], [57856.0, 3600.0], [57854.0, 6250.0], [57853.0, 1980.0], [57852.5, 50090.0], [57848.5, 26060.0], [57848.0, 9360.0], [57847.0, 15960.0]]","[[57868.0, 11770.0], [57877.5, 3000.0], [57879.0, 800.0], [57880.0, 20020.0], [57880.5, 90.0], [57881.5, 590.0], [57882.5, 17950.0], [57883.0, 5000.0], [57883.5, 4000.0], [57885.0, 3000.0]]"
227,2021-11-20 08:56:34.465,"[[57867.5, 6350.0], [57865.0, 580.0], [57863.0, 20.0], [57858.5, 3000.0], [57857.5, 2100.0], [57856.0, 3610.0], [57854.0, 6250.0], [57853.0, 3880.0], [57852.5, 50090.0], [57851.5, 5000.0]]","[[57868.0, 11770.0], [57877.5, 3000.0], [57880.0, 20020.0], [57880.5, 850.0], [57883.0, 5800.0], [57883.5, 4000.0], [57885.0, 3000.0], [57886.0, 10000.0], [57886.5, 20870.0], [57888.5, 7190.0]]"
228,2021-11-20 08:56:34.788,"[[57867.5, 60550.0], [57867.0, 1000.0], [57865.0, 580.0], [57864.0, 3600.0], [57863.0, 20.0], [57858.5, 3000.0], [57858.0, 15860.0], [57857.5, 2100.0], [57856.0, 10.0], [57854.5, 20000.0]]","[[57868.0, 11770.0], [57880.0, 20.0], [57884.0, 20000.0], [57885.0, 3000.0], [57885.5, 800.0], [57886.0, 1000.0], [57886.5, 11770.0], [57888.5, 7780.0], [57889.0, 29000.0], [57890.0, 400.0]]"
229,2021-11-20 08:56:35.107,"[[57867.5, 6350.0], [57865.0, 580.0], [57864.0, 3600.0], [57863.0, 20.0], [57858.0, 15860.0], [57857.5, 2100.0], [57856.0, 10.0], [57854.5, 20000.0], [57854.0, 6250.0], [57853.0, 11820.0]]","[[57868.0, 11770.0], [57880.0, 20.0], [57884.0, 20000.0], [57885.0, 21400.0], [57885.5, 4560.0], [57886.5, 11770.0], [57888.5, 590.0], [57890.0, 400.0], [57890.5, 10000.0], [57891.0, 3700.0]]"
230,2021-11-20 08:56:35.453,"[[57867.5, 6350.0], [57865.0, 580.0], [57864.0, 3600.0], [57863.0, 20.0], [57862.5, 100.0], [57858.0, 15860.0], [57857.5, 2000.0], [57856.0, 10.0], [57854.5, 20000.0], [57854.0, 6250.0]]","[[57868.0, 11770.0], [57880.0, 20.0], [57884.0, 20000.0], [57885.0, 18400.0], [57885.5, 3760.0], [57886.5, 11770.0], [57888.5, 590.0], [57889.5, 800.0], [57890.0, 400.0], [57890.5, 10000.0]]"
231,2021-11-20 08:56:35.786,"[[57888.0, 106720.0], [57886.5, 10000.0], [57886.0, 124110.0], [57880.0, 102800.0], [57879.5, 510.0], [57878.5, 20.0], [57873.5, 510.0], [57868.0, 75000.0], [57867.5, 18730.0], [57865.0, 670.0]]","[[57888.5, 590.0], [57890.0, 400.0], [57891.0, 3700.0], [57892.0, 20.0], [57893.5, 5000.0], [57894.5, 16060.0], [57895.0, 14470.0], [57896.5, 30000.0], [57897.0, 108300.0], [57897.5, 90.0]]"
232,2021-11-20 08:56:36.116,"[[57891.5, 72920.0], [57890.5, 80700.0], [57889.5, 6350.0], [57888.5, 3600.0], [57888.0, 2000.0], [57886.0, 20.0], [57879.5, 510.0], [57879.0, 17040.0], [57878.5, 20190.0], [57876.0, 2000.0]]","[[57892.0, 20.0], [57902.5, 5210.0], [57904.0, 3000.0], [57905.0, 11770.0], [57907.0, 720.0], [57907.5, 5000.0], [57908.0, 2630.0], [57908.5, 20000.0], [57909.0, 10000.0], [57910.0, 800.0]]"
233,2021-11-20 08:56:36.444,"[[57891.5, 3920.0], [57889.5, 6400.0], [57888.5, 3600.0], [57888.0, 93530.0], [57887.5, 20.0], [57886.0, 580.0], [57884.5, 1000.0], [57883.0, 10000.0], [57880.0, 50000.0], [57879.5, 510.0]]","[[57892.0, 20.0], [57898.5, 7450.0], [57902.5, 5210.0], [57905.0, 11770.0], [57907.0, 320.0], [57908.0, 2630.0], [57908.5, 20000.0], [57909.0, 10000.0], [57910.5, 800.0], [57911.5, 25160.0]]"
234,2021-11-20 08:56:36.754,"[[57891.5, 64770.0], [57889.5, 6350.0], [57888.5, 3600.0], [57888.0, 93530.0], [57887.5, 20.0], [57886.0, 580.0], [57885.0, 16110.0], [57884.5, 1000.0], [57883.0, 10000.0], [57880.0, 50010.0]]","[[57892.0, 20.0], [57898.5, 8250.0], [57905.0, 11770.0], [57907.0, 320.0], [57908.5, 20000.0], [57909.0, 10760.0], [57911.5, 25160.0], [57912.0, 26000.0], [57913.0, 320.0], [57914.0, 5000.0]]"
235,2021-11-20 08:56:37.090,"[[57891.5, 64770.0], [57889.5, 6350.0], [57888.5, 3600.0], [57888.0, 93530.0], [57887.5, 20.0], [57886.0, 580.0], [57885.0, 16110.0], [57884.5, 1000.0], [57883.0, 10000.0], [57880.0, 50010.0]]","[[57892.0, 20.0], [57898.5, 8250.0], [57904.5, 3000.0], [57905.0, 11770.0], [57907.0, 320.0], [57907.5, 1000.0], [57909.0, 10760.0], [57911.5, 25160.0], [57912.0, 26000.0], [57912.5, 23000.0]]"
236,2021-11-20 08:56:37.412,"[[57891.5, 64770.0], [57889.5, 6350.0], [57888.5, 3600.0], [57888.0, 93530.0], [57887.5, 20.0], [57887.0, 1000.0], [57886.0, 580.0], [57885.0, 16110.0], [57884.5, 20000.0], [57884.0, 1030.0]]","[[57892.0, 20.0], [57898.5, 7450.0], [57904.0, 800.0], [57904.5, 3000.0], [57905.0, 11770.0], [57907.0, 320.0], [57907.5, 1000.0], [57909.0, 760.0], [57911.5, 7870.0], [57912.0, 26000.0]]"
237,2021-11-20 08:56:37.714,"[[57891.5, 64770.0], [57889.5, 6350.0], [57888.5, 3600.0], [57888.0, 93530.0], [57887.5, 20.0], [57887.0, 1000.0], [57886.0, 580.0], [57885.0, 16110.0], [57884.5, 20000.0], [57884.0, 1030.0]]","[[57892.0, 20.0], [57898.5, 7450.0], [57904.0, 800.0], [57904.5, 3000.0], [57905.0, 11770.0], [57907.0, 320.0], [57907.5, 1000.0], [57909.0, 760.0], [57911.5, 7870.0], [57912.0, 26000.0]]"
238,2021-11-20 08:56:38.090,"[[57891.5, 6970.0], [57889.5, 6250.0], [57888.5, 3600.0], [57888.0, 93530.0], [57887.5, 20.0], [57887.0, 1000.0], [57886.0, 580.0], [57885.0, 16110.0], [57884.0, 1030.0], [57883.0, 10000.0]]","[[57892.0, 20.0], [57898.5, 7450.0], [57904.0, 800.0], [57904.5, 3000.0], [57905.0, 11770.0], [57907.0, 320.0], [57907.5, 1000.0], [57909.0, 760.0], [57911.5, 7870.0], [57912.0, 26000.0]]"
239,2021-11-20 08:56:38.426,"[[57891.5, 6970.0], [57889.5, 6250.0], [57888.5, 3600.0], [57888.0, 93530.0], [57887.5, 20.0], [57887.0, 1000.0], [57886.0, 580.0], [57885.0, 16110.0], [57884.0, 1030.0], [57883.0, 10000.0]]","[[57892.0, 20.0], [57898.5, 7450.0], [57904.0, 800.0], [57904.5, 3000.0], [57905.0, 11770.0], [57907.0, 320.0], [57907.5, 1000.0], [57909.0, 760.0], [57911.5, 7870.0], [57912.0, 26000.0]]"
240,2021-11-20 08:56:38.729,"[[57891.5, 46370.0], [57889.5, 6250.0], [57888.5, 3600.0], [57888.0, 93530.0], [57887.5, 20.0], [57887.0, 1000.0], [57886.0, 580.0], [57885.0, 16110.0], [57884.0, 1030.0], [57883.0, 10000.0]]","[[57892.0, 20.0], [57898.5, 7450.0], [57904.0, 800.0], [57904.5, 3000.0], [57905.0, 11770.0], [57907.0, 320.0], [57907.5, 1000.0], [57909.0, 760.0], [57911.5, 7870.0], [57912.0, 26000.0]]"
241,2021-11-20 08:56:39.092,"[[57891.5, 46370.0], [57889.5, 6250.0], [57888.5, 3600.0], [57888.0, 93530.0], [57887.5, 20.0], [57887.0, 1000.0], [57886.0, 580.0], [57885.0, 16110.0], [57884.0, 1030.0], [57883.0, 10000.0]]","[[57892.0, 20.0], [57898.5, 7450.0], [57904.0, 800.0], [57904.5, 3000.0], [57905.0, 11770.0], [57907.0, 320.0], [57907.5, 1000.0], [57909.0, 760.0], [57911.5, 7870.0], [57912.0, 26000.0]]"
