,timestamp,bids,asks
0,2021-11-19 10:07:06.976,"[[56802.5, 30430.0], [56802.0, 7800.0], [56801.5, 1000.0], [56801.0, 40.0], [56794.5, 3000.0], [56794.0, 20.0], [56790.5, 5000.0], [56789.0, 2180.0], [56788.0, 1750.0], [56787.5, 50000.0]]","[[56803.0, 16710.0], [56807.5, 1000.0], [56808.5, 1820.0], [56811.0, 3500.0], [56815.5, 41580.0], [56817.0, 15400.0], [56817.5, 150.0], [56818.0, 3960.0], [56818.5, 69820.0], [56822.5, 540.0]]"
1,2021-11-19 10:07:07.138,"[[56802.5, 30430.0], [56802.0, 7800.0], [56801.5, 1000.0], [56797.0, 40.0], [56794.5, 3000.0], [56794.0, 20.0], [56790.5, 5000.0], [56789.0, 2180.0], [56788.0, 1750.0], [56787.5, 50000.0]]","[[56803.0, 16710.0], [56807.5, 1000.0], [56808.5, 1820.0], [56811.0, 3000.0], [56815.5, 41580.0], [56817.0, 15400.0], [56817.5, 150.0], [56818.0, 2000.0], [56818.5, 69820.0], [56822.5, 540.0]]"
2,2021-11-19 10:07:07.519,"[[56802.5, 39980.0], [56802.0, 7800.0], [56801.5, 1000.0], [56797.0, 40.0], [56795.5, 20.0], [56794.5, 3000.0], [56790.5, 5000.0], [56789.0, 2180.0], [56788.0, 1750.0], [56787.5, 50000.0]]","[[56803.0, 14210.0], [56807.5, 1000.0], [56808.5, 1820.0], [56811.0, 3000.0], [56815.5, 21580.0], [56817.0, 15400.0], [56818.0, 2000.0], [56820.5, 20000.0], [56822.5, 540.0], [56824.0, 5150.0]]"
3,2021-11-19 10:07:07.838,"[[56807.0, 2620.0], [56802.5, 10.0], [56801.5, 1000.0], [56799.0, 20.0], [56797.0, 40.0], [56794.5, 3000.0], [56793.0, 1750.0], [56792.5, 50000.0], [56790.5, 5000.0], [56789.0, 2180.0]]","[[56807.5, 1000.0], [56808.5, 1820.0], [56811.0, 3000.0], [56813.0, 11090.0], [56814.0, 14220.0], [56815.5, 21580.0], [56818.0, 2000.0], [56820.5, 20000.0], [56824.0, 5150.0], [56825.0, 100.0]]"
4,2021-11-19 10:07:08.163,"[[56807.0, 30.0], [56799.0, 20.0], [56796.5, 1000.0], [56794.5, 3000.0], [56793.0, 40.0], [56792.5, 1750.0], [56790.5, 5000.0], [56788.5, 2170.0], [56787.0, 5400.0], [56786.5, 50000.0]]","[[56807.5, 26000.0], [56808.5, 1820.0], [56811.0, 3000.0], [56813.0, 11090.0], [56814.0, 14220.0], [56815.5, 21580.0], [56818.0, 2000.0], [56820.0, 15680.0], [56820.5, 20000.0], [56821.5, 1960.0]]"
5,2021-11-19 10:07:08.486,"[[56794.5, 15100.0], [56786.0, 510.0], [56785.5, 2170.0], [56784.5, 20.0], [56784.0, 510.0], [56780.5, 2000.0], [56780.0, 3900.0], [56778.0, 15350.0], [56777.5, 10010.0], [56776.0, 2590.0]]","[[56795.0, 3750.0], [56807.0, 70900.0], [56808.5, 1820.0], [56811.0, 3000.0], [56812.5, 100.0], [56813.0, 11090.0], [56814.0, 14220.0], [56815.0, 7400.0], [56815.5, 21580.0], [56820.0, 15680.0]]"
6,2021-11-19 10:07:08.841,"[[56800.5, 20000.0], [56800.0, 2600.0], [56797.0, 1000.0], [56795.5, 2170.0], [56794.5, 39800.0], [56793.0, 20.0], [56791.0, 40.0], [56788.0, 3000.0], [56787.5, 1750.0], [56787.0, 50000.0]]","[[56801.0, 1000.0], [56806.0, 14220.0], [56808.5, 1820.0], [56809.5, 5000.0], [56810.0, 3000.0], [56812.5, 100.0], [56813.0, 11090.0], [56815.5, 16580.0], [56816.0, 1960.0], [56817.5, 150.0]]"
7,2021-11-19 10:07:09.171,"[[56805.0, 2700.0], [56799.5, 1000.0], [56796.0, 20.0], [56795.5, 2170.0], [56794.5, 39700.0], [56793.0, 3000.0], [56791.0, 40.0], [56788.0, 5000.0], [56786.0, 510.0], [56784.0, 510.0]]","[[56805.5, 21000.0], [56806.0, 14220.0], [56808.5, 1820.0], [56810.0, 3000.0], [56812.0, 1960.0], [56813.0, 11090.0], [56815.5, 16580.0], [56817.0, 5000.0], [56817.5, 150.0], [56818.0, 20000.0]]"
8,2021-11-19 10:07:09.506,"[[56805.0, 12700.0], [56796.0, 20.0], [56795.0, 2800.0], [56794.5, 39700.0], [56793.0, 3000.0], [56790.5, 50040.0], [56788.0, 5000.0], [56786.0, 510.0], [56785.5, 150.0], [56784.0, 510.0]]","[[56805.5, 1000.0], [56806.0, 14220.0], [56808.5, 1820.0], [56810.0, 3000.0], [56813.0, 11090.0], [56815.5, 16580.0], [56817.0, 5000.0], [56817.5, 150.0], [56820.0, 15680.0], [56821.5, 66860.0]]"
9,2021-11-19 10:07:09.836,"[[56805.5, 43000.0], [56805.0, 2600.0], [56800.0, 20.0], [56794.0, 5000.0], [56791.0, 1750.0], [56790.5, 50040.0], [56790.0, 150.0], [56788.5, 2800.0], [56786.5, 570.0], [56786.0, 510.0]]","[[56806.0, 14220.0], [56808.5, 1820.0], [56813.0, 11090.0], [56815.5, 16580.0], [56820.0, 15680.0], [56821.5, 66860.0], [56823.5, 8150.0], [56824.0, 25150.0], [56826.0, 10000.0], [56827.5, 90.0]]"
10,2021-11-19 10:07:10.166,"[[56805.5, 43000.0], [56805.0, 2600.0], [56801.0, 40.0], [56800.0, 20.0], [56794.0, 5000.0], [56791.0, 1750.0], [56790.5, 50000.0], [56790.0, 150.0], [56788.5, 2800.0], [56786.5, 570.0]]","[[56806.0, 14220.0], [56808.5, 1820.0], [56813.0, 11090.0], [56815.5, 16580.0], [56820.0, 15680.0], [56821.5, 66860.0], [56823.5, 7560.0], [56824.0, 25150.0], [56826.0, 10000.0], [56827.0, 1960.0]]"
11,2021-11-19 10:07:10.495,"[[56805.5, 38000.0], [56805.0, 2600.0], [56800.0, 20.0], [56796.5, 40.0], [56794.0, 5000.0], [56791.5, 16670.0], [56791.0, 1750.0], [56790.5, 50000.0], [56790.0, 150.0], [56787.5, 2800.0]]","[[56806.0, 14220.0], [56808.5, 1820.0], [56813.0, 11090.0], [56815.5, 16580.0], [56820.0, 15680.0], [56821.5, 66860.0], [56823.5, 7560.0], [56824.0, 25150.0], [56826.0, 10000.0], [56827.0, 1960.0]]"
12,2021-11-19 10:07:10.809,"[[56805.5, 28000.0], [56805.0, 3600.0], [56800.0, 20.0], [56799.5, 40.0], [56797.5, 3000.0], [56794.0, 5000.0], [56791.5, 16670.0], [56791.0, 1750.0], [56790.5, 52000.0], [56790.0, 150.0]]","[[56806.0, 14220.0], [56808.5, 1820.0], [56809.5, 1000.0], [56813.0, 11090.0], [56815.5, 16580.0], [56817.5, 3000.0], [56820.0, 15680.0], [56821.0, 1960.0], [56823.5, 12560.0], [56824.0, 25150.0]]"
13,2021-11-19 10:07:11.145,"[[56805.5, 7700.0], [56805.0, 2600.0], [56797.5, 3040.0], [56796.0, 20.0], [56794.0, 5000.0], [56791.5, 16670.0], [56791.0, 1750.0], [56790.5, 52000.0], [56786.0, 3310.0], [56785.5, 150.0]]","[[56806.0, 29220.0], [56808.5, 1820.0], [56812.0, 3000.0], [56813.0, 11090.0], [56815.5, 16580.0], [56816.5, 5000.0], [56819.5, 1960.0], [56820.0, 15680.0], [56821.0, 20000.0], [56823.5, 150.0]]"
14,2021-11-19 10:07:11.435,"[[56805.5, 7700.0], [56799.0, 1000.0], [56797.5, 3000.0], [56796.0, 20.0], [56795.0, 2800.0], [56794.5, 40.0], [56794.0, 5000.0], [56791.5, 16670.0], [56791.0, 1750.0], [56790.5, 52000.0]]","[[56806.0, 29220.0], [56807.5, 1000.0], [56808.5, 1820.0], [56812.0, 3000.0], [56813.0, 11090.0], [56815.5, 16580.0], [56816.5, 5000.0], [56819.0, 1760.0], [56819.5, 1960.0], [56820.0, 15680.0]]"
15,2021-11-19 10:07:11.818,"[[56798.0, 690.0], [56792.5, 3000.0], [56790.5, 2040.0], [56787.5, 6750.0], [56786.5, 5370.0], [56786.0, 530.0], [56785.5, 150.0], [56784.0, 510.0], [56782.5, 2800.0], [56781.5, 50000.0]]","[[56798.5, 84270.0], [56803.5, 1000.0], [56805.5, 70900.0], [56806.0, 85120.0], [56808.5, 1820.0], [56812.0, 4960.0], [56813.0, 11090.0], [56815.5, 16580.0], [56816.5, 5000.0], [56821.0, 20000.0]]"
16,2021-11-19 10:07:12.138,"[[56798.0, 13290.0], [56793.5, 40.0], [56792.5, 3000.0], [56790.5, 2000.0], [56789.0, 20.0], [56787.5, 5000.0], [56786.0, 510.0], [56785.5, 150.0], [56784.0, 2510.0], [56783.0, 50000.0]]","[[56798.5, 13370.0], [56803.5, 1000.0], [56805.5, 70900.0], [56806.0, 14220.0], [56808.5, 1820.0], [56812.0, 3000.0], [56813.0, 11090.0], [56815.5, 16580.0], [56816.5, 6960.0], [56818.0, 20000.0]]"
17,2021-11-19 10:07:12.475,"[[56797.5, 2600.0], [56793.5, 40.0], [56792.5, 3000.0], [56790.5, 2000.0], [56788.5, 2800.0], [56787.5, 5000.0], [56786.0, 510.0], [56785.5, 150.0], [56784.5, 15600.0], [56784.0, 2510.0]]","[[56798.5, 77150.0], [56803.5, 1000.0], [56805.5, 70900.0], [56806.0, 14220.0], [56808.5, 1820.0], [56812.0, 3000.0], [56813.0, 11090.0], [56815.5, 16580.0], [56816.5, 6960.0], [56818.0, 20000.0]]"
18,2021-11-19 10:07:12.781,"[[56797.5, 2640.0], [56792.5, 3000.0], [56790.5, 2000.0], [56788.5, 20.0], [56787.5, 5000.0], [56786.0, 510.0], [56785.5, 150.0], [56784.5, 15580.0], [56784.0, 2510.0], [56783.5, 2800.0]]","[[56798.0, 12500.0], [56803.5, 1000.0], [56806.0, 14220.0], [56808.5, 1820.0], [56812.0, 3000.0], [56813.0, 13050.0], [56815.5, 16580.0], [56816.5, 5000.0], [56818.0, 20000.0], [56819.0, 9410.0]]"
19,2021-11-19 10:07:13.050,"[[56797.5, 2640.0], [56792.5, 3000.0], [56790.5, 2000.0], [56788.5, 20.0], [56787.5, 5000.0], [56786.0, 510.0], [56785.5, 150.0], [56784.5, 15580.0], [56784.0, 2510.0], [56783.5, 2800.0]]","[[56798.0, 12500.0], [56803.5, 1000.0], [56806.0, 14220.0], [56808.5, 1820.0], [56812.0, 3000.0], [56813.0, 13050.0], [56815.5, 16580.0], [56816.5, 5000.0], [56818.0, 20000.0], [56819.0, 9410.0]]"
20,2021-11-19 10:07:13.462,"[[56797.5, 8640.0], [56792.5, 3000.0], [56790.5, 2000.0], [56788.5, 20.0], [56787.5, 5000.0], [56786.0, 510.0], [56785.5, 150.0], [56784.5, 15580.0], [56784.0, 2510.0], [56783.5, 2800.0]]","[[56798.0, 12500.0], [56806.0, 14220.0], [56806.5, 1000.0], [56808.5, 1820.0], [56812.0, 3000.0], [56813.0, 13050.0], [56815.5, 16580.0], [56816.5, 5000.0], [56818.0, 20000.0], [56819.0, 9410.0]]"
21,2021-11-19 10:07:13.798,"[[56805.5, 2600.0], [56803.0, 1000.0], [56800.5, 40.0], [56797.5, 3000.0], [56796.0, 20.0], [56793.5, 5000.0], [56791.0, 1740.0], [56790.5, 52000.0], [56786.0, 510.0], [56785.5, 150.0]]","[[56806.0, 69220.0], [56808.5, 1820.0], [56809.5, 1000.0], [56813.0, 11090.0], [56815.5, 16580.0], [56816.5, 5000.0], [56818.5, 3000.0], [56819.0, 2000.0], [56819.5, 68140.0], [56821.0, 20000.0]]"
22,2021-11-19 10:07:14.113,"[[56812.5, 114650.0], [56808.5, 70900.0], [56808.0, 133770.0], [56803.5, 20.0], [56801.5, 2000.0], [56801.0, 40.0], [56794.0, 1740.0], [56793.5, 55000.0], [56790.5, 150.0], [56788.0, 12000.0]]","[[56813.0, 11090.0], [56815.5, 16580.0], [56817.0, 3000.0], [56823.5, 2000.0], [56824.0, 5150.0], [56829.0, 20000.0], [56830.5, 1700.0], [56831.0, 1830.0], [56831.5, 10000.0], [56832.0, 3000.0]]"
23,2021-11-19 10:07:14.424,"[[56815.0, 5500.0], [56814.0, 1000.0], [56809.5, 5000.0], [56809.0, 20.0], [56803.5, 750.0], [56802.5, 90.0], [56801.0, 20040.0], [56800.5, 15150.0], [56800.0, 50000.0], [56798.5, 2000.0]]","[[56815.5, 31580.0], [56820.0, 11090.0], [56824.0, 5150.0], [56831.0, 1830.0], [56831.5, 10000.0], [56832.0, 3000.0], [56834.0, 800.0], [56834.5, 3000.0], [56835.5, 14240.0], [56836.5, 7410.0]]"
24,2021-11-19 10:07:14.790,"[[56803.5, 83700.0], [56801.0, 40.0], [56797.5, 20.0], [56788.5, 150.0], [56786.0, 510.0], [56784.5, 20000.0], [56784.0, 510.0], [56783.0, 2780.0], [56778.0, 5000.0], [56777.5, 10010.0]]","[[56823.0, 10000.0], [56823.5, 16260.0], [56824.0, 5150.0], [56827.0, 11090.0], [56829.0, 150.0], [56829.5, 9330.0], [56830.0, 14700.0], [56831.0, 21830.0], [56831.5, 10000.0], [56832.0, 5000.0]]"
25,2021-11-19 10:07:15.113,"[[56808.5, 98840.0], [56804.0, 20.0], [56803.5, 70900.0], [56799.0, 40.0], [56797.5, 50000.0], [56796.5, 150.0], [56795.0, 750.0], [56790.5, 2000.0], [56789.5, 16880.0], [56787.0, 2000.0]]","[[56809.0, 20.0], [56817.0, 14220.0], [56823.5, 16260.0], [56824.0, 5150.0], [56825.0, 2000.0], [56825.5, 20000.0], [56826.5, 1960.0], [56827.0, 11090.0], [56829.0, 150.0], [56829.5, 9330.0]]"
26,2021-11-19 10:07:15.420,"[[56816.5, 2600.0], [56808.5, 40.0], [56806.5, 530.0], [56804.0, 1760.0], [56803.5, 70900.0], [56799.0, 40.0], [56796.5, 150.0], [56795.0, 750.0], [56794.5, 2780.0], [56790.5, 2000.0]]","[[56817.0, 19220.0], [56823.5, 16260.0], [56824.0, 5150.0], [56825.0, 2000.0], [56827.0, 11090.0], [56829.0, 150.0], [56829.5, 9330.0], [56831.0, 21830.0], [56831.5, 25750.0], [56832.0, 3000.0]]"
27,2021-11-19 10:07:15.781,"[[56816.5, 2640.0], [56806.5, 530.0], [56796.5, 150.0], [56792.5, 40.0], [56790.5, 2000.0], [56789.5, 16880.0], [56789.0, 2900.0], [56786.5, 2000.0], [56786.0, 510.0], [56785.5, 90.0]]","[[56817.0, 90120.0], [56823.5, 16260.0], [56824.0, 5150.0], [56825.0, 2000.0], [56827.0, 11090.0], [56829.0, 150.0], [56829.5, 9330.0], [56831.0, 21830.0], [56831.5, 10000.0], [56832.0, 3000.0]]"
28,2021-11-19 10:07:16.097,"[[56816.5, 40.0], [56806.5, 530.0], [56801.0, 3000.0], [56795.0, 5000.0], [56792.0, 150.0], [56790.5, 2000.0], [56789.5, 16880.0], [56789.0, 2940.0], [56786.5, 2000.0], [56786.0, 510.0]]","[[56817.0, 76900.0], [56818.5, 3000.0], [56823.5, 16260.0], [56824.0, 5150.0], [56825.0, 2000.0], [56825.5, 5000.0], [56827.0, 11090.0], [56827.5, 34230.0], [56829.0, 150.0], [56829.5, 9330.0]]"
29,2021-11-19 10:07:16.440,"[[56816.5, 40.0], [56806.5, 530.0], [56797.0, 2900.0], [56795.0, 5000.0], [56792.0, 150.0], [56789.5, 16880.0], [56789.0, 40.0], [56786.5, 2000.0], [56786.0, 510.0], [56785.5, 90.0]]","[[56817.0, 76900.0], [56823.5, 16260.0], [56824.0, 5150.0], [56825.5, 5000.0], [56827.0, 11090.0], [56827.5, 34230.0], [56829.0, 150.0], [56829.5, 9330.0], [56830.0, 1660.0], [56830.5, 68840.0]]"
30,2021-11-19 10:07:16.762,"[[56816.5, 2640.0], [56806.5, 530.0], [56801.5, 5000.0], [56798.5, 150.0], [56797.0, 2900.0], [56796.0, 40.0], [56790.5, 540.0], [56790.0, 600.0], [56789.5, 16880.0], [56786.5, 2000.0]]","[[56817.0, 76700.0], [56823.5, 16260.0], [56824.0, 5150.0], [56827.0, 11090.0], [56827.5, 14230.0], [56829.0, 150.0], [56829.5, 9330.0], [56830.0, 1660.0], [56830.5, 68840.0], [56831.0, 1830.0]]"
31,2021-11-19 10:07:17.101,"[[56816.5, 2640.0], [56806.5, 530.0], [56803.0, 150.0], [56801.5, 5750.0], [56799.0, 40.0], [56793.0, 2900.0], [56790.0, 4600.0], [56789.5, 16880.0], [56786.5, 2000.0], [56786.0, 510.0]]","[[56817.0, 76700.0], [56823.5, 16260.0], [56824.0, 5150.0], [56827.0, 11090.0], [56827.5, 14230.0], [56829.5, 9330.0], [56830.0, 1660.0], [56830.5, 68840.0], [56831.0, 1830.0], [56831.5, 10000.0]]"
32,2021-11-19 10:07:17.415,"[[56816.5, 2640.0], [56806.5, 530.0], [56803.0, 150.0], [56801.5, 5750.0], [56799.0, 40.0], [56793.0, 2900.0], [56791.0, 10000.0], [56790.5, 570.0], [56790.0, 4600.0], [56789.5, 16880.0]]","[[56817.0, 76700.0], [56823.5, 16260.0], [56824.0, 5150.0], [56827.0, 11090.0], [56827.5, 14230.0], [56829.5, 9330.0], [56830.5, 68840.0], [56831.0, 1830.0], [56831.5, 10000.0], [56834.0, 150.0]]"
33,2021-11-19 10:07:17.752,"[[56798.5, 150.0], [56794.5, 20.0], [56793.0, 2900.0], [56790.0, 600.0], [56789.5, 16880.0], [56786.5, 2000.0], [56786.0, 510.0], [56785.5, 90.0], [56785.0, 23370.0], [56784.0, 15000.0]]","[[56806.5, 10000.0], [56807.0, 91770.0], [56816.5, 40.0], [56817.0, 71700.0], [56823.5, 16260.0], [56824.0, 5150.0], [56827.0, 11090.0], [56827.5, 14230.0], [56829.5, 11330.0], [56830.0, 1630.0]]"
34,2021-11-19 10:07:18.078,"[[56798.5, 30.0], [56794.0, 10.0], [56788.0, 2930.0], [56786.0, 510.0], [56785.5, 2020.0], [56783.0, 150.0], [56781.5, 580.0], [56778.5, 17750.0], [56777.5, 10010.0], [56775.5, 20590.0]]","[[56799.0, 30800.0], [56807.0, 70900.0], [56813.0, 13050.0], [56816.5, 7440.0], [56817.0, 71700.0], [56820.5, 14230.0], [56823.5, 16260.0], [56824.0, 5150.0], [56826.0, 100.0], [56829.0, 2150.0]]"
35,2021-11-19 10:07:18.368,"[[56785.5, 2000.0], [56781.5, 580.0], [56777.5, 2930.0], [56776.0, 20.0], [56775.5, 590.0], [56769.5, 150.0], [56766.5, 1370.0], [56763.5, 2000.0], [56760.5, 17010.0], [56760.0, 45960.0]]","[[56786.0, 103720.0], [56788.5, 118370.0], [56793.5, 70900.0], [56798.0, 5150.0], [56799.0, 1090.0], [56805.5, 15830.0], [56806.0, 11090.0], [56806.5, 7400.0], [56807.0, 70900.0], [56809.5, 14220.0]]"
36,2021-11-19 10:07:18.754,"[[56785.5, 2030.0], [56777.5, 2930.0], [56776.0, 20.0], [56772.5, 3000.0], [56769.5, 150.0], [56764.0, 20000.0], [56763.5, 2000.0], [56759.0, 10000.0], [56758.5, 21730.0], [56758.0, 2000.0]]","[[56786.0, 103740.0], [56787.0, 1000.0], [56793.5, 70900.0], [56794.5, 2000.0], [56798.0, 5150.0], [56799.0, 13140.0], [56802.5, 20000.0], [56805.5, 15830.0], [56806.5, 7400.0], [56807.0, 70900.0]]"
37,2021-11-19 10:07:19.085,"[[56785.5, 29830.0], [56779.0, 20.0], [56777.5, 2930.0], [56776.5, 510.0], [56775.5, 510.0], [56769.5, 150.0], [56769.0, 740.0], [56764.0, 20550.0], [56761.5, 40.0], [56759.0, 10000.0]]","[[56786.0, 21900.0], [56793.5, 70900.0], [56798.0, 5150.0], [56798.5, 1960.0], [56799.0, 11180.0], [56803.0, 14210.0], [56804.0, 150.0], [56805.0, 20000.0], [56805.5, 15830.0], [56806.5, 7400.0]]"
38,2021-11-19 10:07:19.408,"[[56785.5, 7030.0], [56776.5, 510.0], [56775.5, 510.0], [56765.5, 2930.0], [56764.5, 150.0], [56764.0, 20550.0], [56761.5, 40.0], [56759.0, 10000.0], [56758.5, 16730.0], [56758.0, 5000.0]]","[[56786.0, 29400.0], [56793.5, 70900.0], [56798.0, 5150.0], [56798.5, 1960.0], [56799.0, 11180.0], [56801.5, 20000.0], [56803.0, 14210.0], [56804.0, 150.0], [56804.5, 19880.0], [56805.5, 15830.0]]"
39,2021-11-19 10:07:19.726,"[[56785.5, 5030.0], [56776.5, 510.0], [56775.5, 530.0], [56774.5, 1000.0], [56766.5, 3000.0], [56764.5, 150.0], [56760.5, 5000.0], [56760.0, 2000.0], [56759.0, 10540.0], [56758.5, 16730.0]]","[[56786.0, 105300.0], [56786.5, 3000.0], [56788.0, 1000.0], [56791.0, 1960.0], [56793.5, 70900.0], [56797.5, 5000.0], [56798.0, 5150.0], [56799.0, 11180.0], [56801.5, 20000.0], [56803.0, 14210.0]]"
40,2021-11-19 10:07:20.070,"[[56785.5, 5030.0], [56779.0, 20.0], [56776.5, 510.0], [56775.5, 3510.0], [56774.5, 150.0], [56771.5, 40.0], [56763.0, 10000.0], [56760.5, 2000.0], [56759.5, 100.0], [56759.0, 10540.0]]","[[56786.0, 16100.0], [56791.0, 1000.0], [56793.5, 70900.0], [56794.5, 2000.0], [56798.0, 5150.0], [56798.5, 5000.0], [56799.0, 11090.0], [56801.0, 21560.0], [56803.0, 14210.0], [56804.0, 150.0]]"
41,2021-11-19 10:07:20.358,"[[56785.5, 5030.0], [56779.0, 20.0], [56776.5, 510.0], [56775.5, 510.0], [56774.5, 1000.0], [56772.0, 40.0], [56769.0, 150.0], [56768.5, 3000.0], [56764.0, 20000.0], [56759.0, 10540.0]]","[[56786.0, 16100.0], [56788.0, 1000.0], [56788.5, 3000.0], [56791.5, 5000.0], [56793.5, 70900.0], [56798.0, 5150.0], [56799.0, 11090.0], [56801.0, 1560.0], [56803.0, 14210.0], [56805.5, 15830.0]]"
42,2021-11-19 10:07:20.730,"[[56797.5, 24800.0], [56788.0, 20.0], [56786.0, 70900.0], [56785.5, 30.0], [56778.0, 40.0], [56776.5, 510.0], [56775.5, 510.0], [56773.5, 150.0], [56766.0, 10010.0], [56764.5, 100.0]]","[[56798.0, 5150.0], [56803.0, 1550.0], [56805.5, 15830.0], [56806.0, 11090.0], [56807.0, 14220.0], [56808.0, 150.0], [56810.0, 90.0], [56811.0, 2000.0], [56813.0, 800.0], [56817.0, 23880.0]]"
43,2021-11-19 10:07:21.064,"[[56797.5, 6530.0], [56793.0, 40.0], [56790.0, 20.0], [56786.0, 70900.0], [56779.0, 150.0], [56778.5, 570.0], [56776.5, 510.0], [56775.5, 510.0], [56775.0, 2000.0], [56769.0, 740.0]]","[[56798.0, 4150.0], [56805.5, 15830.0], [56806.0, 11090.0], [56807.0, 14220.0], [56808.0, 150.0], [56809.5, 1550.0], [56816.0, 1960.0], [56817.0, 10110.0], [56818.5, 14690.0], [56819.0, 10000.0]]"
44,2021-11-19 10:07:21.380,"[[56805.0, 2600.0], [56797.5, 30.0], [56795.5, 20.0], [56794.5, 40.0], [56786.5, 7150.0], [56786.0, 70900.0], [56783.5, 150.0], [56783.0, 5000.0], [56778.5, 570.0], [56776.5, 510.0]]","[[56805.5, 15830.0], [56806.0, 3000.0], [56807.0, 14220.0], [56813.0, 11240.0], [56815.5, 20000.0], [56816.0, 1960.0], [56817.0, 10110.0], [56818.0, 1550.0], [56818.5, 14690.0], [56819.0, 10000.0]]"
45,2021-11-19 10:07:21.728,"[[56805.0, 30.0], [56795.5, 20.0], [56785.0, 40.0], [56783.5, 150.0], [56783.0, 5000.0], [56778.5, 570.0], [56776.5, 510.0], [56775.5, 510.0], [56770.0, 16690.0], [56769.5, 2000.0]]","[[56805.5, 115030.0], [56806.0, 3000.0], [56807.0, 14220.0], [56813.0, 11090.0], [56815.5, 20000.0], [56816.0, 1960.0], [56817.0, 10110.0], [56817.5, 15710.0], [56818.0, 1550.0], [56818.5, 14690.0]]"
46,2021-11-19 10:07:22.058,"[[56805.0, 39980.0], [56801.0, 40.0], [56798.5, 20.0], [56796.5, 510.0], [56796.0, 3000.0], [56790.5, 1750.0], [56790.0, 50000.0], [56789.0, 5000.0], [56786.0, 2000.0], [56783.5, 16080.0]]","[[56805.5, 15830.0], [56807.0, 14220.0], [56813.0, 11090.0], [56817.5, 15710.0], [56818.5, 5000.0], [56819.0, 10000.0], [56820.0, 4150.0], [56822.0, 100.0], [56822.5, 29300.0], [56823.0, 9100.0]]"
47,2021-11-19 10:07:22.381,"[[56796.5, 3110.0], [56788.0, 20.0], [56786.0, 2000.0], [56784.0, 10000.0], [56783.5, 150.0], [56782.5, 1750.0], [56781.5, 50000.0], [56779.0, 15340.0], [56778.5, 1370.0], [56778.0, 20000.0]]","[[56797.0, 7120.0], [56805.5, 70940.0], [56813.0, 25290.0], [56819.0, 10000.0], [56820.0, 4150.0], [56821.0, 1960.0], [56822.0, 23090.0], [56822.5, 29300.0], [56823.0, 9100.0], [56826.0, 150.0]]"
48,2021-11-19 10:07:22.692,"[[56796.5, 3110.0], [56788.0, 20.0], [56783.5, 150.0], [56782.5, 1750.0], [56781.5, 50000.0], [56779.0, 15340.0], [56778.5, 1370.0], [56778.0, 20000.0], [56777.5, 580.0], [56776.5, 510.0]]","[[56797.0, 17160.0], [56805.5, 800.0], [56813.0, 25290.0], [56816.5, 150.0], [56819.0, 10000.0], [56820.0, 4150.0], [56821.0, 1960.0], [56822.0, 23090.0], [56822.5, 30050.0], [56823.0, 9100.0]]"
49,2021-11-19 10:07:23.048,"[[56796.5, 3110.0], [56791.0, 40.0], [56788.0, 20.0], [56783.5, 150.0], [56782.5, 1750.0], [56781.5, 50000.0], [56780.0, 4000.0], [56779.0, 15340.0], [56778.5, 1370.0], [56778.0, 20000.0]]","[[56797.0, 17160.0], [56805.5, 800.0], [56806.5, 1960.0], [56813.0, 25290.0], [56815.5, 20000.0], [56816.5, 150.0], [56817.5, 2000.0], [56819.0, 10000.0], [56820.0, 4150.0], [56821.5, 16620.0]]"
50,2021-11-19 10:07:23.380,"[[56779.5, 3000.0], [56777.0, 510.0], [56776.5, 510.0], [56776.0, 2000.0], [56775.0, 5000.0], [56774.0, 20.0], [56773.0, 150.0], [56772.0, 16030.0], [56771.5, 16510.0], [56770.0, 580.0]]","[[56781.0, 2500.0], [56784.5, 73400.0], [56794.0, 4200.0], [56795.5, 14190.0], [56797.0, 40.0], [56798.5, 5000.0], [56799.0, 11090.0], [56808.0, 100.0], [56810.5, 3000.0], [56814.0, 1560.0]]"
51,2021-11-19 10:07:23.703,"[[56782.5, 110820.0], [56780.5, 63600.0], [56778.0, 1000.0], [56777.0, 510.0], [56776.5, 510.0], [56776.0, 2000.0], [56775.0, 20.0], [56773.0, 150.0], [56772.5, 3000.0], [56772.0, 16030.0]]","[[56783.0, 1000.0], [56784.5, 1200.0], [56790.0, 3000.0], [56795.5, 14190.0], [56798.5, 5000.0], [56799.0, 11090.0], [56806.0, 750.0], [56808.0, 20100.0], [56809.5, 150.0], [56811.0, 590.0]]"
52,2021-11-19 10:07:24.042,"[[56798.0, 2600.0], [56789.0, 20.0], [56787.0, 70900.0], [56783.5, 1750.0], [56782.5, 77900.0], [56780.5, 63600.0], [56780.0, 150.0], [56777.0, 510.0], [56776.5, 510.0], [56776.0, 2000.0]]","[[56798.5, 83300.0], [56799.0, 11090.0], [56802.0, 2000.0], [56807.5, 15480.0], [56808.0, 100.0], [56808.5, 20000.0], [56810.5, 150.0], [56813.0, 14200.0], [56816.0, 15000.0], [56820.0, 4150.0]]"
53,2021-11-19 10:07:24.372,"[[56798.0, 2620.0], [56791.5, 40.0], [56789.0, 20.0], [56787.0, 70900.0], [56783.5, 1750.0], [56783.0, 50000.0], [56782.5, 77900.0], [56780.5, 63600.0], [56780.0, 150.0], [56777.0, 510.0]]","[[56798.5, 12540.0], [56799.0, 11090.0], [56807.5, 15480.0], [56808.0, 100.0], [56809.5, 1960.0], [56810.5, 150.0], [56813.0, 14200.0], [56816.0, 15000.0], [56817.0, 20000.0], [56820.0, 4150.0]]"
54,2021-11-19 10:07:24.694,"[[56798.0, 30400.0], [56792.0, 20.0], [56787.5, 40.0], [56787.0, 120900.0], [56784.5, 150.0], [56783.5, 1750.0], [56782.5, 77900.0], [56780.5, 7000.0], [56778.0, 20000.0], [56777.0, 10510.0]]","[[56798.5, 40.0], [56806.0, 11090.0], [56807.5, 15480.0], [56813.0, 14200.0], [56818.0, 150.0], [56820.0, 4150.0], [56822.0, 1550.0], [56822.5, 9390.0], [56823.0, 9900.0], [56825.0, 1960.0]]"
55,2021-11-19 10:07:25.031,"[[56798.0, 30400.0], [56792.5, 40.0], [56792.0, 20.0], [56787.5, 16180.0], [56787.0, 70900.0], [56786.5, 50000.0], [56786.0, 2000.0], [56785.0, 590.0], [56784.5, 150.0], [56783.5, 1750.0]]","[[56798.5, 40.0], [56805.0, 14200.0], [56806.0, 11890.0], [56807.5, 15480.0], [56814.5, 1960.0], [56818.0, 150.0], [56820.0, 4150.0], [56822.5, 9390.0], [56823.0, 9100.0], [56826.0, 23000.0]]"
56,2021-11-19 10:07:25.329,"[[56798.0, 25400.0], [56792.0, 20.0], [56788.0, 40.0], [56787.0, 70900.0], [56785.0, 50000.0], [56784.5, 150.0], [56783.5, 1750.0], [56782.5, 77900.0], [56781.0, 5000.0], [56780.5, 7000.0]]","[[56798.5, 40.0], [56800.0, 1000.0], [56805.0, 14200.0], [56806.0, 11890.0], [56807.5, 15480.0], [56811.0, 1960.0], [56812.5, 5000.0], [56813.0, 150.0], [56818.5, 20000.0], [56820.0, 4150.0]]"
57,2021-11-19 10:07:25.677,"[[56798.0, 12600.0], [56791.0, 40.0], [56789.0, 20.0], [56787.0, 70900.0], [56784.5, 150.0], [56783.5, 1750.0], [56783.0, 50000.0], [56782.5, 7000.0], [56781.0, 5000.0], [56780.5, 7000.0]]","[[56798.5, 50440.0], [56800.0, 1000.0], [56805.0, 14200.0], [56806.0, 11090.0], [56807.5, 15480.0], [56808.0, 1960.0], [56812.5, 7000.0], [56813.0, 150.0], [56817.5, 860.0], [56818.5, 20000.0]]"
58,2021-11-19 10:07:26.018,"[[56798.0, 12600.0], [56795.5, 1000.0], [56791.5, 11950.0], [56791.0, 40.0], [56790.5, 20.0], [56787.0, 70900.0], [56786.5, 3000.0], [56785.0, 50000.0], [56784.5, 150.0], [56783.5, 1750.0]]","[[56798.5, 40.0], [56800.0, 1000.0], [56805.0, 14200.0], [56806.0, 11090.0], [56807.5, 15480.0], [56808.0, 1960.0], [56812.5, 7000.0], [56813.0, 150.0], [56817.5, 860.0], [56818.5, 27410.0]]"
59,2021-11-19 10:07:26.329,"[[56798.0, 12600.0], [56791.5, 11950.0], [56791.0, 40.0], [56790.5, 20.0], [56787.0, 70900.0], [56786.5, 3000.0], [56785.5, 2000.0], [56784.5, 50150.0], [56783.5, 1750.0], [56782.5, 7000.0]]","[[56798.5, 40.0], [56800.0, 1000.0], [56803.5, 3000.0], [56805.0, 14200.0], [56806.0, 11090.0], [56807.5, 15480.0], [56808.0, 1960.0], [56810.5, 75000.0], [56812.5, 7000.0], [56817.5, 1010.0]]"
60,2021-11-19 10:07:26.679,"[[56798.0, 12600.0], [56794.0, 40.0], [56791.5, 11950.0], [56790.5, 20.0], [56786.5, 3000.0], [56785.5, 2000.0], [56784.5, 150.0], [56783.5, 1750.0], [56783.0, 50000.0], [56782.5, 7000.0]]","[[56798.5, 26540.0], [56800.0, 1860.0], [56803.5, 3000.0], [56805.0, 14200.0], [56806.0, 11090.0], [56807.5, 15480.0], [56808.0, 1960.0], [56810.5, 75000.0], [56812.5, 7000.0], [56817.5, 150.0]]"
61,2021-11-19 10:07:27.010,"[[56798.0, 12600.0], [56791.5, 14950.0], [56790.5, 60.0], [56785.5, 2000.0], [56784.5, 150.0], [56783.5, 1750.0], [56783.0, 50000.0], [56782.5, 7000.0], [56781.0, 5000.0], [56780.5, 7000.0]]","[[56798.5, 26540.0], [56800.0, 860.0], [56805.0, 14200.0], [56806.0, 11090.0], [56807.5, 15480.0], [56808.0, 1960.0], [56810.5, 75000.0], [56812.5, 7000.0], [56817.5, 150.0], [56818.0, 3350.0]]"
62,2021-11-19 10:07:27.323,"[[56798.0, 12600.0], [56791.5, 11950.0], [56791.0, 1000.0], [56790.5, 20.0], [56789.5, 40.0], [56786.5, 3000.0], [56785.5, 2000.0], [56784.5, 150.0], [56783.5, 1750.0], [56783.0, 50000.0]]","[[56798.5, 26540.0], [56799.5, 1000.0], [56800.0, 860.0], [56804.0, 3000.0], [56805.0, 14200.0], [56806.0, 11090.0], [56806.5, 5000.0], [56807.5, 15480.0], [56808.0, 1960.0], [56810.5, 75000.0]]"
63,2021-11-19 10:07:27.674,"[[56798.0, 30400.0], [56796.0, 1000.0], [56792.0, 40.0], [56791.5, 11950.0], [56791.0, 3000.0], [56790.5, 20.0], [56785.5, 2000.0], [56784.5, 150.0], [56784.0, 50000.0], [56783.5, 1750.0]]","[[56798.5, 40.0], [56799.5, 1000.0], [56800.0, 860.0], [56804.0, 3000.0], [56805.0, 14200.0], [56806.0, 11090.0], [56806.5, 5000.0], [56807.5, 15480.0], [56808.0, 1960.0], [56810.5, 75000.0]]"
64,2021-11-19 10:07:27.982,"[[56798.0, 30400.0], [56796.0, 1000.0], [56791.5, 11950.0], [56790.5, 3020.0], [56789.0, 40.0], [56787.0, 5000.0], [56785.5, 2000.0], [56784.5, 150.0], [56784.0, 50000.0], [56782.5, 7000.0]]","[[56798.5, 40.0], [56800.0, 1860.0], [56805.0, 19160.0], [56806.0, 11090.0], [56807.5, 15480.0], [56810.5, 75000.0], [56813.5, 5000.0], [56817.5, 150.0], [56818.0, 7410.0], [56819.0, 76860.0]]"
65,2021-11-19 10:07:28.334,"[[56798.0, 39950.0], [56796.0, 1000.0], [56791.5, 11950.0], [56790.5, 3020.0], [56789.0, 40.0], [56787.0, 5000.0], [56785.5, 2000.0], [56784.5, 1900.0], [56784.0, 50000.0], [56782.5, 7000.0]]","[[56798.5, 40.0], [56800.0, 1860.0], [56805.0, 3000.0], [56806.0, 11090.0], [56807.5, 15480.0], [56810.5, 75000.0], [56813.0, 14200.0], [56813.5, 5000.0], [56814.5, 1960.0], [56817.5, 150.0]]"
66,2021-11-19 10:07:28.652,"[[56805.5, 112920.0], [56800.0, 3330.0], [56799.5, 3900.0], [56798.5, 70800.0], [56798.0, 91240.0], [56796.0, 1000.0], [56795.5, 3000.0], [56794.5, 2000.0], [56794.0, 20.0], [56793.0, 5000.0]]","[[56806.0, 11090.0], [56807.5, 15480.0], [56810.0, 1000.0], [56810.5, 75000.0], [56812.5, 3000.0], [56820.0, 9150.0], [56822.5, 90.0], [56825.5, 20000.0], [56826.0, 10000.0], [56826.5, 15000.0]]"
67,2021-11-19 10:07:28.996,"[[56807.0, 132180.0], [56805.5, 1000.0], [56803.5, 40.0], [56803.0, 510.0], [56802.5, 20.0], [56800.0, 3330.0], [56799.0, 5510.0], [56798.5, 70800.0], [56798.0, 170.0], [56794.5, 2000.0]]","[[56807.5, 850.0], [56810.5, 75000.0], [56813.0, 11090.0], [56819.0, 1000.0], [56820.0, 4150.0], [56821.5, 3000.0], [56822.0, 3000.0], [56826.0, 5580.0], [56830.0, 7410.0], [56830.5, 88180.0]]"
68,2021-11-19 10:07:29.326,"[[56810.0, 101250.0], [56809.5, 6100.0], [56808.5, 300.0], [56808.0, 40.0], [56807.0, 3020.0], [56805.0, 5020.0], [56803.5, 2000.0], [56803.0, 660.0], [56799.0, 510.0], [56798.5, 70800.0]]","[[56810.5, 64000.0], [56813.0, 11940.0], [56819.0, 1000.0], [56826.0, 14200.0], [56831.0, 1830.0], [56835.0, 20150.0], [56836.0, 1590.0], [56836.5, 3000.0], [56837.5, 2000.0], [56841.5, 560.0]]"
69,2021-11-19 10:07:29.645,"[[56810.0, 101270.0], [56809.5, 6100.0], [56808.5, 300.0], [56808.0, 40.0], [56807.0, 3000.0], [56805.0, 5020.0], [56803.5, 2000.0], [56803.0, 660.0], [56799.5, 90.0], [56799.0, 510.0]]","[[56810.5, 64000.0], [56813.0, 11940.0], [56821.5, 1000.0], [56826.0, 24200.0], [56827.0, 3000.0], [56831.0, 1830.0], [56832.5, 5000.0], [56835.0, 150.0], [56836.0, 1590.0], [56836.5, 3000.0]]"
70,2021-11-19 10:07:29.983,"[[56810.0, 101270.0], [56809.5, 6100.0], [56808.5, 300.0], [56807.0, 3000.0], [56805.0, 5020.0], [56803.5, 2000.0], [56803.0, 660.0], [56799.5, 90.0], [56799.0, 510.0], [56798.0, 32120.0]]","[[56810.5, 64000.0], [56813.0, 11090.0], [56813.5, 800.0], [56821.5, 1000.0], [56826.0, 14200.0], [56827.0, 3000.0], [56831.0, 1830.0], [56832.5, 5000.0], [56833.5, 1960.0], [56835.0, 150.0]]"
71,2021-11-19 10:07:30.295,"[[56810.0, 101270.0], [56809.5, 6100.0], [56807.0, 3000.0], [56805.0, 5020.0], [56803.5, 2000.0], [56803.0, 660.0], [56800.0, 40.0], [56799.0, 510.0], [56798.0, 10750.0], [56796.0, 20000.0]]","[[56810.5, 64000.0], [56813.0, 11090.0], [56813.5, 800.0], [56819.5, 1000.0], [56826.0, 14200.0], [56827.0, 3000.0], [56831.0, 1830.0], [56832.5, 5000.0], [56833.0, 10000.0], [56833.5, 1960.0]]"
72,2021-11-19 10:07:30.645,"[[56810.0, 101270.0], [56809.5, 6100.0], [56807.0, 3000.0], [56805.0, 5020.0], [56803.5, 2000.0], [56803.0, 660.0], [56800.0, 40.0], [56799.5, 2000.0], [56799.0, 510.0], [56798.0, 10750.0]]","[[56810.5, 64000.0], [56813.0, 11090.0], [56813.5, 800.0], [56819.5, 1000.0], [56826.0, 14200.0], [56827.0, 3000.0], [56831.0, 1830.0], [56832.5, 5000.0], [56833.0, 10000.0], [56833.5, 1960.0]]"
73,2021-11-19 10:07:30.978,"[[56810.0, 101270.0], [56809.5, 6100.0], [56807.0, 3000.0], [56806.0, 40.0], [56805.0, 5020.0], [56803.5, 2000.0], [56803.0, 660.0], [56799.5, 2000.0], [56799.0, 510.0], [56798.0, 10750.0]]","[[56810.5, 64000.0], [56813.0, 11090.0], [56813.5, 800.0], [56819.5, 1000.0], [56826.0, 14200.0], [56827.0, 3000.0], [56830.5, 1960.0], [56831.0, 1830.0], [56832.5, 5000.0], [56833.0, 10000.0]]"
74,2021-11-19 10:07:31.263,"[[56810.0, 30470.0], [56809.5, 6100.0], [56807.0, 3000.0], [56805.0, 5000.0], [56803.5, 2000.0], [56803.0, 700.0], [56800.5, 20.0], [56799.5, 2000.0], [56799.0, 510.0], [56798.0, 10750.0]]","[[56810.5, 64000.0], [56813.0, 11090.0], [56813.5, 800.0], [56819.5, 1000.0], [56826.0, 14200.0], [56827.0, 3000.0], [56827.5, 1960.0], [56831.0, 1830.0], [56832.5, 5000.0], [56833.0, 10000.0]]"
75,2021-11-19 10:07:31.635,"[[56810.0, 109020.0], [56809.5, 6100.0], [56807.0, 3000.0], [56805.0, 5000.0], [56804.5, 20.0], [56803.5, 2000.0], [56803.0, 660.0], [56799.5, 2000.0], [56799.0, 510.0], [56798.0, 10750.0]]","[[56810.5, 60870.0], [56813.0, 11090.0], [56819.5, 1000.0], [56826.0, 14200.0], [56827.0, 3000.0], [56827.5, 1960.0], [56829.5, 2000.0], [56830.0, 800.0], [56831.0, 1830.0], [56832.5, 5000.0]]"
76,2021-11-19 10:07:31.949,"[[56810.0, 38120.0], [56809.5, 6100.0], [56807.0, 3000.0], [56805.0, 5000.0], [56804.5, 20.0], [56804.0, 40.0], [56803.5, 2000.0], [56803.0, 660.0], [56799.5, 2000.0], [56799.0, 510.0]]","[[56810.5, 60870.0], [56813.0, 11090.0], [56819.5, 1000.0], [56826.0, 14200.0], [56827.0, 3000.0], [56829.5, 2000.0], [56830.0, 800.0], [56831.0, 1830.0], [56832.5, 5000.0], [56833.0, 10000.0]]"
77,2021-11-19 10:07:32.251,"[[56810.0, 43120.0], [56809.5, 6100.0], [56807.0, 3000.0], [56805.0, 5000.0], [56804.5, 20.0], [56804.0, 40.0], [56803.5, 2000.0], [56803.0, 660.0], [56799.5, 2000.0], [56799.0, 510.0]]","[[56810.5, 60870.0], [56813.0, 11090.0], [56819.5, 1000.0], [56826.0, 14200.0], [56827.0, 3000.0], [56829.5, 2000.0], [56830.0, 800.0], [56831.0, 1830.0], [56832.5, 5000.0], [56833.0, 10000.0]]"
78,2021-11-19 10:07:32.592,"[[56810.0, 114120.0], [56809.5, 6100.0], [56807.0, 3000.0], [56805.0, 5000.0], [56804.5, 20.0], [56804.0, 40.0], [56803.5, 2000.0], [56803.0, 660.0], [56799.5, 2000.0], [56799.0, 4510.0]]","[[56810.5, 60870.0], [56813.0, 11090.0], [56819.5, 1000.0], [56827.0, 3000.0], [56829.5, 2000.0], [56830.0, 800.0], [56831.0, 1830.0], [56832.0, 14200.0], [56832.5, 5000.0], [56833.0, 10000.0]]"
79,2021-11-19 10:07:32.955,"[[56810.0, 43160.0], [56809.5, 6100.0], [56808.0, 300.0], [56807.0, 3000.0], [56805.0, 5000.0], [56804.5, 20.0], [56803.5, 2000.0], [56803.0, 660.0], [56799.5, 2000.0], [56799.0, 4510.0]]","[[56810.5, 60870.0], [56813.0, 11090.0], [56819.5, 1000.0], [56827.0, 3000.0], [56829.5, 2000.0], [56830.0, 800.0], [56831.0, 1830.0], [56832.0, 16160.0], [56832.5, 5000.0], [56833.0, 10000.0]]"
80,2021-11-19 10:07:33.290,"[[56810.0, 65970.0], [56809.5, 6100.0], [56807.0, 3000.0], [56806.5, 40.0], [56805.0, 5000.0], [56804.5, 20.0], [56803.5, 2000.0], [56803.0, 660.0], [56799.0, 510.0], [56798.5, 20000.0]]","[[56810.5, 60870.0], [56813.0, 11090.0], [56827.0, 1000.0], [56829.0, 3000.0], [56830.0, 800.0], [56831.0, 1830.0], [56832.0, 14200.0], [56832.5, 6960.0], [56833.0, 10000.0], [56837.5, 90.0]]"
81,2021-11-19 10:07:33.614,"[[56810.0, 60970.0], [56809.5, 6100.0], [56807.0, 3000.0], [56803.5, 2000.0], [56803.0, 660.0], [56800.5, 40.0], [56800.0, 20.0], [56799.0, 510.0], [56798.5, 5000.0], [56798.0, 10750.0]]","[[56810.5, 59870.0], [56813.0, 11090.0], [56815.0, 1000.0], [56826.5, 5000.0], [56829.0, 1960.0], [56831.0, 1830.0], [56832.0, 14200.0], [56834.5, 1570.0], [56835.0, 800.0], [56837.5, 240.0]]"
82,2021-11-19 10:07:33.945,"[[56807.0, 70.0], [56803.5, 2000.0], [56798.5, 150.0], [56793.5, 20.0], [56793.0, 16430.0], [56792.0, 550.0], [56791.5, 13640.0], [56790.5, 50000.0], [56790.0, 10010.0], [56786.0, 20000.0]]","[[56807.5, 117420.0], [56810.0, 71200.0], [56810.5, 59870.0], [56813.0, 11090.0], [56823.5, 1960.0], [56825.0, 90.0], [56826.0, 14200.0], [56831.0, 1830.0], [56832.0, 3000.0], [56832.5, 4150.0]]"
83,2021-11-19 10:07:34.279,"[[56807.0, 70.0], [56805.0, 5000.0], [56796.5, 20.0], [56793.0, 2000.0], [56791.5, 11950.0], [56790.0, 10010.0], [56786.5, 150.0], [56783.5, 570.0], [56783.0, 15550.0], [56782.5, 7000.0]]","[[56807.5, 118420.0], [56810.0, 71200.0], [56810.5, 62870.0], [56811.5, 90.0], [56813.0, 11090.0], [56821.0, 150.0], [56822.0, 750.0], [56825.0, 90.0], [56825.5, 7410.0], [56826.0, 34200.0]]"
84,2021-11-19 10:07:34.592,"[[56807.0, 70.0], [56805.0, 5000.0], [56796.5, 20.0], [56793.0, 2000.0], [56791.5, 11950.0], [56790.0, 10010.0], [56786.5, 150.0], [56783.5, 570.0], [56783.0, 15550.0], [56782.5, 7000.0]]","[[56807.5, 120420.0], [56810.5, 62870.0], [56811.5, 90.0], [56813.0, 11090.0], [56821.0, 150.0], [56821.5, 3530.0], [56822.0, 750.0], [56824.5, 9210.0], [56825.5, 7410.0], [56826.0, 34200.0]]"
85,2021-11-19 10:07:34.941,"[[56807.0, 70.0], [56805.0, 5000.0], [56796.5, 20.0], [56793.0, 2000.0], [56791.5, 13680.0], [56791.0, 50000.0], [56790.0, 10010.0], [56786.5, 150.0], [56783.5, 570.0], [56783.0, 15550.0]]","[[56807.5, 47220.0], [56810.5, 62870.0], [56811.5, 90.0], [56813.0, 11090.0], [56818.0, 14200.0], [56821.0, 150.0], [56821.5, 21960.0], [56822.0, 750.0], [56824.0, 2000.0], [56824.5, 9210.0]]"
86,2021-11-19 10:07:35.269,"[[56807.0, 70.0], [56805.0, 5000.0], [56798.5, 20.0], [56797.0, 3000.0], [56796.0, 510.0], [56793.0, 7000.0], [56791.5, 12850.0], [56790.0, 10050.0], [56785.0, 20000.0], [56784.0, 10000.0]]","[[56807.5, 41670.0], [56808.0, 1000.0], [56810.5, 59870.0], [56813.0, 11090.0], [56818.0, 14200.0], [56821.0, 2110.0], [56821.5, 20000.0], [56822.5, 100.0], [56824.0, 2000.0], [56824.5, 9210.0]]"
87,2021-11-19 10:07:35.551,"[[56807.0, 70.0], [56805.0, 5000.0], [56798.5, 1020.0], [56796.0, 510.0], [56794.0, 40.0], [56793.0, 2000.0], [56791.5, 12850.0], [56791.0, 3000.0], [56790.0, 10010.0], [56786.0, 4000.0]]","[[56807.5, 115770.0], [56808.0, 1000.0], [56810.5, 59870.0], [56813.0, 11090.0], [56815.0, 5000.0], [56818.0, 14200.0], [56819.0, 1960.0], [56821.0, 150.0], [56821.5, 20000.0], [56822.5, 100.0]]"
88,2021-11-19 10:07:35.919,"[[56805.0, 27490.0], [56803.0, 1000.0], [56799.5, 3000.0], [56799.0, 20.0], [56798.0, 40.0], [56796.0, 510.0], [56794.0, 510.0], [56793.0, 2000.0], [56791.5, 17850.0], [56790.0, 10010.0]]","[[56805.5, 18370.0], [56807.5, 1000.0], [56810.5, 59870.0], [56813.0, 14090.0], [56818.0, 14200.0], [56819.0, 1960.0], [56821.5, 25000.0], [56822.5, 100.0], [56824.0, 2000.0], [56824.5, 9210.0]]"
89,2021-11-19 10:07:36.263,"[[56805.0, 42040.0], [56803.5, 3000.0], [56803.0, 1000.0], [56801.5, 40.0], [56799.0, 20.0], [56798.0, 5000.0], [56796.0, 510.0], [56794.0, 510.0], [56793.0, 2000.0], [56791.5, 12850.0]]","[[56805.5, 13370.0], [56810.5, 59870.0], [56812.0, 1000.0], [56813.0, 11090.0], [56818.0, 17200.0], [56819.0, 1960.0], [56821.5, 5000.0], [56822.5, 100.0], [56824.5, 9210.0], [56826.0, 150.0]]"
90,2021-11-19 10:07:36.587,"[[56805.0, 42040.0], [56804.5, 40.0], [56800.5, 1000.0], [56799.0, 20.0], [56796.0, 510.0], [56794.0, 510.0], [56793.0, 2000.0], [56792.0, 5000.0], [56791.5, 12850.0], [56790.5, 1690.0]]","[[56805.5, 8120.0], [56810.5, 60700.0], [56813.0, 14090.0], [56815.0, 5000.0], [56816.5, 2000.0], [56818.0, 14200.0], [56822.5, 100.0], [56824.5, 9210.0], [56826.0, 150.0], [56828.0, 1960.0]]"
91,2021-11-19 10:07:36.922,"[[56805.0, 42040.0], [56802.5, 1000.0], [56801.5, 40.0], [56799.0, 20.0], [56796.0, 510.0], [56794.0, 510.0], [56793.5, 3000.0], [56793.0, 2000.0], [56792.0, 5000.0], [56791.5, 12850.0]]","[[56805.5, 8120.0], [56810.5, 60700.0], [56813.0, 14090.0], [56815.0, 5000.0], [56816.5, 2000.0], [56818.0, 14200.0], [56822.0, 1960.0], [56822.5, 100.0], [56824.5, 9210.0], [56826.0, 150.0]]"
92,2021-11-19 10:07:37.251,"[[56805.0, 41630.0], [56802.5, 1000.0], [56801.5, 40.0], [56799.0, 20.0], [56797.0, 3000.0], [56796.0, 510.0], [56794.0, 510.0], [56793.0, 2000.0], [56792.0, 5000.0], [56791.5, 12850.0]]","[[56805.5, 78220.0], [56808.0, 1000.0], [56810.5, 60700.0], [56813.0, 14090.0], [56815.0, 5000.0], [56816.5, 2000.0], [56818.0, 14200.0], [56819.0, 1960.0], [56822.5, 100.0], [56824.5, 9210.0]]"
93,2021-11-19 10:07:37.530,"[[56805.0, 41630.0], [56804.5, 40.0], [56802.5, 1000.0], [56799.0, 20.0], [56797.0, 3000.0], [56796.0, 510.0], [56794.0, 510.0], [56793.0, 2000.0], [56792.0, 5000.0], [56791.5, 12850.0]]","[[56805.5, 7120.0], [56808.0, 1000.0], [56810.5, 60700.0], [56813.0, 14090.0], [56815.0, 5000.0], [56816.5, 2000.0], [56818.0, 14200.0], [56819.0, 1960.0], [56822.5, 100.0], [56824.5, 9210.0]]"
94,2021-11-19 10:07:37.856,"[[56805.0, 41630.0], [56804.5, 1040.0], [56799.0, 20.0], [56797.0, 3000.0], [56796.0, 510.0], [56794.0, 510.0], [56793.0, 2000.0], [56792.0, 5000.0], [56791.5, 12850.0], [56790.5, 1690.0]]","[[56805.5, 7120.0], [56808.0, 1000.0], [56810.5, 60700.0], [56813.0, 14090.0], [56815.0, 5000.0], [56816.0, 1960.0], [56816.5, 2000.0], [56818.0, 14200.0], [56822.5, 100.0], [56824.5, 9210.0]]"
95,2021-11-19 10:07:38.237,"[[56805.0, 43630.0], [56804.5, 1040.0], [56802.0, 3000.0], [56799.0, 5020.0], [56796.0, 660.0], [56794.0, 510.0], [56791.5, 12700.0], [56790.5, 1690.0], [56790.0, 60010.0], [56785.5, 16400.0]]","[[56805.5, 7120.0], [56810.5, 60700.0], [56813.0, 11090.0], [56814.5, 1000.0], [56816.0, 1960.0], [56818.0, 17200.0], [56822.5, 100.0], [56823.5, 5000.0], [56824.5, 9210.0], [56827.0, 3280.0]]"
96,2021-11-19 10:07:38.567,"[[56805.0, 43630.0], [56804.5, 1040.0], [56802.0, 3000.0], [56799.0, 5020.0], [56796.0, 660.0], [56794.0, 510.0], [56791.5, 12700.0], [56790.5, 1690.0], [56790.0, 60010.0], [56785.5, 16400.0]]","[[56805.5, 7120.0], [56810.5, 61700.0], [56813.0, 11090.0], [56818.0, 17200.0], [56819.5, 1960.0], [56822.5, 100.0], [56823.5, 5000.0], [56824.5, 11210.0], [56827.0, 3280.0], [56829.0, 1560.0]]"
97,2021-11-19 10:07:38.904,"[[56805.0, 43220.0], [56804.5, 1040.0], [56802.0, 3000.0], [56799.0, 5020.0], [56796.0, 660.0], [56794.0, 510.0], [56792.5, 4000.0], [56791.5, 12700.0], [56790.5, 1690.0], [56790.0, 60010.0]]","[[56805.5, 7120.0], [56810.5, 61700.0], [56813.0, 11090.0], [56816.5, 1960.0], [56818.0, 17200.0], [56822.5, 100.0], [56823.5, 5000.0], [56824.5, 11210.0], [56826.0, 10000.0], [56827.0, 3280.0]]"
98,2021-11-19 10:07:39.193,"[[56805.0, 43220.0], [56804.5, 1040.0], [56802.0, 3000.0], [56799.0, 5020.0], [56796.0, 660.0], [56794.0, 510.0], [56791.5, 12700.0], [56791.0, 10000.0], [56790.5, 1690.0], [56790.0, 60010.0]]","[[56805.5, 7120.0], [56810.5, 60700.0], [56813.0, 12090.0], [56816.5, 1960.0], [56818.0, 17200.0], [56822.5, 100.0], [56823.5, 5000.0], [56824.5, 11210.0], [56826.0, 10000.0], [56827.0, 3280.0]]"
99,2021-11-19 10:07:39.551,"[[56805.0, 43220.0], [56804.5, 1040.0], [56802.0, 3000.0], [56799.0, 5020.0], [56796.0, 660.0], [56794.0, 510.0], [56791.5, 12700.0], [56790.5, 1690.0], [56790.0, 60010.0], [56785.5, 16400.0]]","[[56805.5, 7120.0], [56810.5, 60700.0], [56813.0, 12090.0], [56816.5, 1960.0], [56818.0, 17200.0], [56822.5, 100.0], [56823.5, 5000.0], [56824.5, 11210.0], [56827.0, 3280.0], [56828.0, 7410.0]]"
100,2021-11-19 10:07:39.875,"[[56805.0, 43190.0], [56804.5, 1000.0], [56802.0, 3000.0], [56799.0, 5020.0], [56796.0, 660.0], [56795.0, 40.0], [56794.0, 510.0], [56791.5, 12700.0], [56790.5, 1690.0], [56790.0, 60010.0]]","[[56805.5, 7120.0], [56810.5, 60700.0], [56813.0, 12090.0], [56816.5, 1960.0], [56818.0, 17200.0], [56822.5, 100.0], [56823.5, 5000.0], [56824.5, 11210.0], [56827.0, 3280.0], [56828.0, 7410.0]]"
101,2021-11-19 10:07:40.182,"[[56805.0, 43190.0], [56804.5, 1000.0], [56802.0, 3000.0], [56799.0, 5020.0], [56798.0, 40.0], [56796.0, 660.0], [56794.0, 510.0], [56791.5, 12700.0], [56791.0, 10000.0], [56790.5, 1690.0]]","[[56805.5, 7120.0], [56810.5, 60700.0], [56813.0, 11090.0], [56818.0, 17200.0], [56821.0, 1960.0], [56822.5, 100.0], [56823.5, 5000.0], [56824.5, 11210.0], [56827.0, 3280.0], [56828.0, 7410.0]]"
102,2021-11-19 10:07:40.557,"[[56805.0, 43190.0], [56804.5, 1000.0], [56802.0, 3000.0], [56801.0, 40.0], [56799.0, 5020.0], [56796.0, 660.0], [56794.0, 510.0], [56791.5, 12700.0], [56790.5, 1690.0], [56790.0, 60010.0]]","[[56805.5, 7120.0], [56810.5, 60700.0], [56813.0, 11090.0], [56813.5, 3000.0], [56818.0, 14200.0], [56821.0, 3960.0], [56822.5, 100.0], [56823.5, 5000.0], [56824.5, 9210.0], [56826.0, 10000.0]]"
103,2021-11-19 10:07:40.889,"[[56810.0, 111220.0], [56809.5, 21100.0], [56806.0, 3040.0], [56805.0, 5860.0], [56804.5, 5000.0], [56801.0, 150.0], [56796.0, 510.0], [56795.0, 51700.0], [56794.0, 510.0], [56793.0, 580.0]]","[[56810.5, 59870.0], [56813.0, 11890.0], [56818.0, 14200.0], [56819.0, 1000.0], [56822.0, 3000.0], [56822.5, 100.0], [56827.0, 3280.0], [56828.0, 7410.0], [56828.5, 70230.0], [56829.5, 21630.0]]"
104,2021-11-19 10:07:41.187,"[[56817.5, 125820.0], [56813.0, 12800.0], [56812.5, 114300.0], [56811.5, 300.0], [56810.0, 3000.0], [56809.5, 1020.0], [56809.0, 5000.0], [56806.0, 40.0], [56805.0, 15840.0], [56803.5, 20000.0]]","[[56818.0, 15000.0], [56829.5, 16630.0], [56831.0, 1830.0], [56832.5, 7150.0], [56837.5, 90.0], [56838.5, 150.0], [56839.5, 2000.0], [56840.0, 15000.0], [56841.5, 7410.0], [56842.5, 93380.0]]"
105,2021-11-19 10:07:41.531,"[[56817.5, 149610.0], [56815.5, 1300.0], [56815.0, 3300.0], [56814.5, 7000.0], [56814.0, 20.0], [56813.0, 11890.0], [56812.5, 7000.0], [56812.0, 10000.0], [56811.5, 150.0], [56806.5, 20000.0]]","[[56818.0, 4200.0], [56823.5, 14200.0], [56826.5, 800.0], [56829.5, 16630.0], [56830.0, 1000.0], [56831.0, 1830.0], [56836.0, 3000.0], [56841.0, 5000.0], [56842.5, 5400.0], [56844.5, 1560.0]]"
106,2021-11-19 10:07:41.879,"[[56829.0, 101270.0], [56818.0, 83230.0], [56817.5, 149650.0], [56816.0, 20.0], [56815.5, 1300.0], [56815.0, 3300.0], [56814.5, 7000.0], [56813.0, 11890.0], [56812.5, 17010.0], [56812.0, 10000.0]]","[[56829.5, 16630.0], [56830.0, 1000.0], [56831.0, 1830.0], [56836.0, 17200.0], [56840.0, 10000.0], [56841.0, 5000.0], [56842.5, 5400.0], [56843.0, 2000.0], [56844.5, 1560.0], [56845.5, 150.0]]"
107,2021-11-19 10:07:42.201,"[[56829.0, 50010.0], [56827.5, 40.0], [56824.0, 20.0], [56820.0, 3000.0], [56819.0, 510.0], [56818.0, 71300.0], [56817.5, 71300.0], [56815.5, 300.0], [56815.0, 300.0], [56814.5, 8670.0]]","[[56829.5, 16640.0], [56830.0, 1000.0], [56831.0, 1830.0], [56836.0, 17200.0], [56841.0, 5000.0], [56842.5, 5400.0], [56843.0, 2000.0], [56845.5, 150.0], [56847.0, 10800.0], [56847.5, 580.0]]"
108,2021-11-19 10:07:42.521,"[[56829.0, 38010.0], [56824.5, 40.0], [56824.0, 20.0], [56820.0, 3000.0], [56819.0, 510.0], [56818.0, 71300.0], [56817.5, 71300.0], [56815.5, 300.0], [56815.0, 300.0], [56814.5, 8670.0]]","[[56829.5, 10010.0], [56830.0, 1000.0], [56831.0, 1830.0], [56836.0, 17200.0], [56841.0, 5000.0], [56842.5, 5400.0], [56843.0, 2000.0], [56846.5, 15920.0], [56847.0, 10800.0], [56847.5, 580.0]]"
109,2021-11-19 10:07:42.846,"[[56829.0, 9180.0], [56827.5, 40.0], [56825.0, 1000.0], [56821.0, 20.0], [56820.0, 3000.0], [56819.0, 510.0], [56818.0, 71300.0], [56817.5, 71300.0], [56814.5, 8670.0], [56814.0, 50000.0]]","[[56829.5, 10010.0], [56830.0, 1000.0], [56831.0, 1830.0], [56836.0, 17200.0], [56841.0, 5000.0], [56842.5, 5400.0], [56843.0, 2000.0], [56844.5, 16400.0], [56845.0, 150.0], [56845.5, 90.0]]"
110,2021-11-19 10:07:43.196,"[[56829.0, 9180.0], [56827.5, 40.0], [56825.0, 1000.0], [56821.0, 20.0], [56820.0, 3000.0], [56819.0, 510.0], [56818.0, 71300.0], [56817.5, 71300.0], [56814.5, 8670.0], [56814.0, 50000.0]]","[[56829.5, 10010.0], [56830.0, 1000.0], [56831.0, 1830.0], [56836.0, 17200.0], [56841.0, 5000.0], [56842.5, 5400.0], [56843.0, 3960.0], [56844.5, 16400.0], [56845.0, 150.0], [56845.5, 90.0]]"
111,2021-11-19 10:07:43.534,"[[56829.0, 9180.0], [56827.5, 40.0], [56825.0, 1000.0], [56821.0, 20.0], [56820.0, 3000.0], [56819.0, 510.0], [56818.5, 510.0], [56818.0, 71300.0], [56814.5, 8670.0], [56814.0, 50000.0]]","[[56829.5, 10010.0], [56830.0, 1000.0], [56831.0, 1830.0], [56836.0, 17200.0], [56841.0, 5000.0], [56842.5, 5400.0], [56843.0, 2000.0], [56844.5, 16400.0], [56845.5, 90.0], [56846.0, 3000.0]]"
112,2021-11-19 10:07:43.795,"[[56805.0, 8840.0], [56804.5, 510.0], [56802.5, 890.0], [56801.0, 2000.0], [56799.0, 150.0], [56798.5, 2000.0], [56797.5, 570.0], [56795.5, 20.0], [56792.0, 8970.0], [56791.5, 32700.0]]","[[56805.5, 17120.0], [56815.0, 71300.0], [56827.5, 4150.0], [56829.0, 5000.0], [56829.5, 10.0], [56830.0, 14200.0], [56831.0, 1830.0], [56832.5, 90.0], [56835.5, 3280.0], [56836.0, 1530.0]]"
113,2021-11-19 10:07:44.188,"[[56810.0, 1000.0], [56805.0, 3470.0], [56804.5, 510.0], [56803.0, 3000.0], [56800.5, 510.0], [56799.0, 150.0], [56798.5, 4000.0], [56798.0, 5000.0], [56793.0, 4000.0], [56792.0, 8970.0]]","[[56810.5, 25350.0], [56812.5, 61650.0], [56815.0, 71300.0], [56820.0, 3000.0], [56824.0, 5000.0], [56827.5, 4150.0], [56828.0, 23280.0], [56829.0, 5000.0], [56829.5, 800.0], [56830.0, 14200.0]]"
114,2021-11-19 10:07:44.525,"[[56807.5, 65100.0], [56805.0, 32230.0], [56800.5, 510.0], [56798.5, 7000.0], [56798.0, 5000.0], [56797.5, 20.0], [56797.0, 510.0], [56794.5, 150.0], [56791.5, 12700.0], [56789.5, 1670.0]]","[[56808.0, 20.0], [56815.0, 71300.0], [56815.5, 3000.0], [56816.0, 10490.0], [56820.0, 90.0], [56824.0, 5000.0], [56826.0, 10000.0], [56827.5, 4150.0], [56828.0, 3280.0], [56829.0, 16620.0]]"
115,2021-11-19 10:07:44.855,"[[56822.0, 2500.0], [56819.5, 25300.0], [56816.0, 71200.0], [56814.5, 20.0], [56807.5, 2040.0], [56806.5, 1660.0], [56806.0, 50000.0], [56805.0, 3430.0], [56800.5, 510.0], [56799.0, 150.0]]","[[56822.5, 10000.0], [56827.5, 4150.0], [56829.0, 16620.0], [56829.5, 800.0], [56830.0, 24690.0], [56831.0, 1830.0], [56835.0, 15630.0], [56835.5, 3280.0], [56837.5, 150.0], [56840.0, 16390.0]]"
116,2021-11-19 10:07:45.181,"[[56827.0, 7500.0], [56823.0, 2000.0], [56821.5, 18900.0], [56820.0, 20.0], [56816.5, 40.0], [56816.0, 71200.0], [56812.5, 1660.0], [56812.0, 50150.0], [56811.5, 40.0], [56805.0, 13430.0]]","[[56827.5, 14150.0], [56829.0, 16620.0], [56830.0, 14200.0], [56831.0, 1830.0], [56837.0, 10490.0], [56840.0, 10000.0], [56841.5, 680.0], [56842.0, 16370.0], [56842.5, 8680.0], [56845.0, 89480.0]]"
117,2021-11-19 10:07:45.502,"[[56829.5, 60.0], [56823.0, 2000.0], [56822.5, 20.0], [56816.5, 1660.0], [56816.0, 71200.0], [56812.0, 150.0], [56811.5, 40.0], [56808.0, 580.0], [56807.5, 15440.0], [56805.0, 13430.0]]","[[56830.0, 90400.0], [56831.0, 1830.0], [56837.0, 10490.0], [56841.0, 16480.0], [56841.5, 680.0], [56842.0, 16370.0], [56842.5, 5400.0], [56844.5, 150.0], [56845.0, 89480.0], [56846.5, 9170.0]]"
118,2021-11-19 10:07:45.841,"[[56819.0, 1000.0], [56814.0, 3000.0], [56810.0, 5000.0], [56807.5, 2000.0], [56806.5, 170.0], [56805.0, 3430.0], [56803.5, 50000.0], [56803.0, 3280.0], [56801.5, 40.0], [56801.0, 540.0]]","[[56819.5, 85820.0], [56823.5, 72200.0], [56825.5, 3000.0], [56829.5, 40.0], [56830.0, 95890.0], [56831.0, 1830.0], [56836.5, 5000.0], [56838.0, 1530.0], [56838.5, 150.0], [56841.0, 16480.0]]"
